1835 3256
623 583 1160 648 PRAEFATIO.

195 835 372 877 HoMEm
395 835 494 876 Ilias
515 839 559 876 et
582 835 770 889 Odyssea
798 840 1022 889 postquam
1051 834 1092 873 in
1119 846 1268 874 manus
1296 831 1591 887 grammatico-

192 918 286 944 rum
307 903 692 944 Alexandrinorum
721 902 1021 957 pervenissent,
1044 901 1202 955 primus
1224 901 1294 955 qui
1321 905 1419 955 post
1449 900 1590 940 imme-

192 971 413 1012 morabiles
439 971 615 1012 aliorum
647 975 825 1011 conatus
855 976 992 1011 artem
1023 969 1210 1010 criticam
1244 968 1309 1009 his
1336 967 1591 1009 carminibus

191 1038 414 1080 adhiberet
435 1039 681 1080 Zenodotus
704 1038 912 1093 Ephesius
933 1038 1026 1086 fuit,
1050 1052 1174 1093 quem
1195 1037 1323 1078 tertio
1344 1043 1444 1078 ante
1465 1050 1591 1077 aeram

191 1111 380 1148 nostram
411 1106 550 1147 seculo
572 1106 722 1146 vixisse
753 1110 935 1146 constat.
999 1106 1040 1146 Is
1063 1120 1191 1160 quum
1219 1120 1245 1146 a
1269 1104 1499 1146 Ptolemaeo
1531 1118 1591 1144 se-

191 1175 327 1215 cundo
344 1174 608 1215 bibliothecae
627 1173 929 1214 Alexandrinae
951 1173 1174 1227 praefectus
1194 1178 1304 1213 esset
1321 1172 1592 1227 ejusdemque

191 1242 302 1298 regis
327 1243 447 1297 jussu
469 1247 658 1283 veterum
690 1241 900 1296 epicorum
932 1240 1239 1295 lyricorumque
1267 1240 1454 1280 carmina
1481 1239 1592 1280 colli-

189 1325 289 1366 gere
316 1316 361 1351 et
389 1309 654 1350 commodum
682 1308 723 1349 in
753 1308 942 1349 ordinem
972 1307 1162 1362 redigere
1193 1307 1455 1362 suscepisset,
1484 1321 1590 1361 prae-

191 1379 356 1433 cipuam
385 1378 427 1418 in
454 1377 643 1418 Homero
672 1391 844 1431 operam
876 1375 1029 1431 posuit,
1052 1376 1170 1430 cujus
1194 1374 1368 1416 Iliadem
1393 1380 1437 1415 et
1459 1374 1590 1429 Odys-

191 1461 305 1488 seam
331 1446 373 1486 in
396 1445 843 1500 duodequinquaginta
877 1443 1123 1498 rhapsodias
1145 1442 1286 1483 divisit
1318 1442 1590 1496 codicumque

190 1513 374 1568 undique
410 1513 680 1553 collectorum
714 1518 758 1553 et
790 1512 924 1560 valde,
957 1517 1006 1552 ut
1036 1511 1214 1558 videtur,
1250 1510 1361 1552 inter
1393 1525 1436 1550 se
1473 1509 1591 1550 dissi-

189 1578 347 1619 milium
385 1579 548 1634 copiam
584 1579 746 1620 habuit.
810 1579 891 1619 His
927 1579 1039 1620 inter
1065 1593 1108 1620 se
1140 1578 1316 1628 collatis,
1350 1591 1590 1633 quanquam

190 1662 274 1688 non
314 1651 481 1688 constat
514 1662 596 1701 quo
627 1647 787 1701 judicio
824 1647 998 1689 delectis
1034 1651 1077 1688 et
1112 1646 1328 1694 adhibitis,
1367 1645 1510 1686 Iliadis
1546 1652 1590 1688 et

190 1713 390 1768 Odysseae
412 1713 591 1767 primam
614 1727 706 1768 quae
728 1713 806 1754 hoc
828 1713 994 1754 nomine
1016 1713 1144 1769 digna
1164 1719 1277 1755 esset
1304 1714 1589 1755 recensionem

187 1781 326 1823 facere
349 1781 547 1829 instituit,
570 1795 653 1835 qua
674 1785 878 1836 tanquam
899 1782 1175 1823 fundamento
1197 1781 1260 1822 usi
1282 1787 1381 1822 sunt
1402 1782 1472 1837 qui
1494 1788 1590 1836 post

188 1848 454 1889 Zenodotum
483 1849 629 1889 eodem
651 1848 693 1888 in
716 1849 856 1890 studio
878 1849 1032 1891 versati
1061 1854 1161 1890 sunt
1191 1849 1469 1905 grammatici,
1492 1850 1590 1891 licet

187 1931 316 1971 opera
346 1916 436 1971 ejus
466 1917 573 1957 adeo
601 1917 715 1958 nulla
744 1933 796 1958 ex
827 1922 950 1972 parte
982 1917 1245 1958 satisfaceret
1269 1922 1318 1958 ut
1339 1917 1589 1959 Aristarcho

186 1983 362 2039 aliisque
398 1984 687 2040 grammaticis
723 1985 816 2039 plus
849 1985 1005 2025 laboris
1037 1986 1079 2025 in
1112 1985 1346 2027 refutandis
1377 1986 1587 2028 Zenodoti

187 2051 455 2106 opinionibus
486 2053 815 2093 consumendum
836 2052 963 2094 fuerit
986 2068 1111 2107 quam
1138 2053 1226 2107 ipse
1255 2053 1507 2108 impendisse
1529 2054 1586 2094 vi-

187 2119 311 2160 detur
331 2119 622 2175 excogitandis
640 2137 647 2161 :
682 2121 733 2161 de
755 2135 837 2175 quo
859 2135 911 2161 ne
932 2121 1057 2161 hodie
1078 2121 1246 2176 quidem
1270 2121 1460 2176 judicare
1482 2122 1586 2163 diffi-

186 2186 262 2228 cile
292 2192 369 2228 est.
455 2188 565 2228 Nam
594 2188 673 2229 etsi
699 2188 909 2230 Zenodoti
941 2189 1194 2230 recensionis
1216 2204 1341 2244 quam
1370 2204 1480 2230 nunc
1511 2191 1584 2232 ha-

186 2254 331 2294 bemus
361 2254 527 2304 notitia,
551 2269 626 2309 per
646 2255 943 2296 Aristarchum
974 2255 1236 2310 potissimum
1258 2257 1430 2311 ejusque
1451 2262 1585 2299 secta-

186 2325 300 2362 tores
320 2321 374 2362 ad
396 2337 471 2363 nos
493 2328 741 2378 propagata,
764 2332 887 2377 saepe'
903 2338 1054 2378 parum
1078 2328 1278 2365 accurata
1298 2328 1364 2365 est
1385 2324 1583 2379 plurimo-

185 2402 360 2443 rumque
390 2389 575 2447 locorum
606 2390 732 2431 lectio
754 2391 1000 2432 Zenodotea
1027 2404 1103 2431 nos
1124 2391 1242 2440 latet,
1266 2391 1421 2445 partim
1445 2406 1583 2447 gram-

184 2455 432 2496 maticorum
472 2457 636 2498 illorum
671 2456 826 2512 partim
862 2458 1143 2512 posteriorum
1179 2458 1500 2500 scholiastarum
1537 2460 1583 2500 li-

184 2516 501 2578 brariorumque
517 2524 652 2579 culpa,
670 2529 738 2566 tot
753 2530 896 2566 tamen
917 2525 1052 2565 omnis
1067 2525 1231 2580 generis
1246 2541 1434 2567 errorum
1457 2527 1581 2569 docu-

183 2595 327 2631 menta
357 2591 579 2633 manifesta
609 2606 661 2633 ex
692 2592 900 2634 Zenodoti
931 2593 1172 2634 recensione
1201 2594 1368 2648 prolata
1395 2594 1581 2636 videmus

183 2666 232 2698 ut
248 2657 315 2697 vix
333 2657 518 2699 dubitari
538 2659 672 2713 possit
689 2659 786 2715 quin
810 2675 938 2714 opera
957 2661 1047 2714 ejus
1067 2660 1132 2701 his
1152 2661 1407 2702 carminibus
1427 2677 1582 2718 magna

183 2738 235 2764 ex
254 2728 377 2778 parte
397 2725 489 2779 plus
516 2727 705 2768 nocuerit
727 2742 851 2781 quam
883 2727 1099 2782 profuerit.
1164 2729 1228 2768 Ac
1256 2729 1391 2783 primo
1413 2730 1580 2784 quidem

184 2806 312 2845 quum
333 2806 475 2833 versus
506 2793 706 2848 plurimos
733 2796 787 2835 ab
816 2795 1188 2850 interpolatoribus
1219 2796 1356 2838 illatos
1381 2812 1472 2839 esse
1498 2799 1579 2839 col-

181 2858 278 2900 latis
299 2859 409 2900 inter
429 2874 473 2900 se
494 2861 800 2915 exemplaribus
822 2863 1118 2917 manuscriptis
1137 2863 1279 2904 aliisve
1301 2864 1463 2905 indiciis
1480 2880 1578 2906 usus

843 2945 869 2971 a
894 2943 913 2969 2
