1835 3256
260 234 371 275 xxxii
767 232 1149 273 1‘1ffl⁴:1·'1x'1¹1‹›.

257 339 441 390 οἰνοχόει,
465 338 655 386 ὄπτησον,
685 336 907 385 ὁπλίζοντο,
937 335 1178 387 ὁρμήθησαν,
1204 334 1299 375 licet
1331 335 1477 375 cadom
1510 334 1572 375 vcl
1605 334 1658 374 si-

257 405 370 446 milia
392 405 518 445 verba
549 404 646 445 alibi
680 418 761 443 uon
794 417 890 443 raro
911 417 1003 443 cum
1036 406 1265 457 augmento
1287 401 1349 443 vol
1375 402 1569 443 omnibus
1598 403 1659 444 vel

257 473 465 527 plerisque
513 473 552 512 in
599 471 811 512 codicibus
852 470 1008 524 scripta
1051 470 1148 517 sint,
1183 470 1297 511 velut
1337 471 1443 511 εἷλκε
1485 472 1657 522 ἀνεῖλκε,

259 542 402 593 ἦλφον,
426 540 575 591 ἤντετο,
600 540 754 589 ἥπτετο,
776 538 893 594 ᾕρεον
915 537 999 593 ᾕρει
1024 537 1168 589 ᾑρεῖτο,
1200 538 1308 590 ἤρκει
1337 538 1490 590 ἤρκεσε,
1520 538 1660 590 ἤρτυεν

256 609 439 660 ἠρτύνετο
458 608 685 660 ἠρτύναντο,
701 606 901 658 ᾐτιόωντο,
917 604 1080 659 ᾤκηθεν,
1097 607 1312 656 ὡπλίζοντο
1327 608 1570 655 ὡπλίσσατο,
1582 609 1660 648 ὤπ-

257 692 382 726 τησαν
405 676 557 723 ὤπτων,
579 676 729 726 ὡρμᾶτο
760 675 944 724 ὡρμῶντο
977 673 1142 724 ὡρμήθη.
1208 673 1370 725 Quibus
1400 674 1566 716 infinita
1596 690 1662 716 ac-

258 743 369 784 cedit
405 743 628 783 verborum
653 743 708 783 ab
738 746 966 797 augmento
1000 741 1200 796 syllabico
1236 741 1526 796 incipientium
1557 743 1656 783 mul-

259 811 411 858 titudo,
435 810 476 850 in
500 825 582 866 quo
603 809 818 850 codicibus
840 824 922 849 non
955 809 1046 863 plus
1077 809 1173 850 fidei
1200 813 1263 850 est
1288 824 1413 863 quam
1436 809 1477 849 in
1500 814 1662 865 tempo-

259 879 348 920 rali.
411 880 639 919 Auxerunt
670 877 1034 932 perturbationem
1057 882 1219 918 veteres
1251 877 1530 932 grammatici,
1563 892 1663 932 quo-

261 967 352 993 rum
384 952 466 994 alii.
499 956 547 993 ut
579 952 824 993 Zenodotus
857 951 1080 1006 Ephesius,
1107 956 1382 1007 augmentum
1414 952 1512 992 addi
1537 967 1663 1007 quam

259 1021 399 1062 omitti
431 1021 682 1068 maluerunt,
717 1019 799 1067 alii,
836 1034 1013 1073 quorum
1050 1019 1245 1074 princeps
1279 1019 1553 1060 Aristarchus
1585 1024 1661 1068 est,

261 1089 331 1130 ubi
354 1088 478 1130 metri
501 1089 614 1143 leges
636 1102 718 1128 non
741 1088 976 1136 obstarent,
994 1087 1240 1141 plerumque
1257 1087 1407 1141 expelli
1426 1087 1661 1138 voluerunt,

261 1158 388 1199 etiam
411 1162 562 1198 contra
583 1156 870 1210 antiquiorum
893 1155 1043 1209 quibus
1065 1159 1288 1196 uterentur
1304 1155 1506 1196 librorum
1522 1155 1661 1206 fidem,

262 1241 389 1280 quum
421 1225 498 1266 sibi
531 1224 838 1279 persuasissent
867 1223 1145 1264 omissionem·
1164 1223 1377 1277 augmenti
1409 1224 1464 1264 ab
1486 1223 1664 1265 dialecto

263 1295 409 1335 Ionica
432 1309 515 1348 qua
538 1293 750 1333 Homerus
779 1307 879 1333 usus
907 1292 962 1332 sit
983 1291 1212 1346 postulari:
1247 1291 1357 1332 unde
1388 1291 1516 1332 toties
1547 1306 1664 1346 repe-

264 1363 390 1404 titum
414 1362 513 1402 illud
535 1361 576 1401 in
599 1359 768 1401 scholiis
788 1361 1051 1412 Ἀρίσταρχος
1070 1358 1217 1408 Ἰακῶς,
1234 1359 1344 1413 quod
1367 1359 1518 1413 saepius
1535 1359 1665 1400 etiam

264 1430 508 1484 legeremus,
532 1428 565 1468 si
592 1428 751 1469 scholia
772 1426 1004 1481 integriora
1025 1431 1193 1467 servata
1213 1431 1364 1466 essent.
1428 1425 1497 1466 Sic
1526 1426 1581 1466 ad
1614 1427 1663 1467 Il.

271 1511 305 1546 1,
327 1499 425 1549 464.
458 1501 502 1537 et
533 1495 604 1536 ubi
637 1496 726 1536 haec
757 1495 886 1536 verba
916 1500 1152 1544 recurrunt,
1178 1506 1215 1541 2,
1237 1505 1333 1546 427.
1365 1494 1451 1544 μῆρ’
1477 1493 1571 1545 ἐκάη
1602 1495 1665 1535 καὶ

265 1564 463 1617 σπλάγχν’
497 1564 711 1610 ἐπάσαντο,
746 1562 988 1610 scholiasta,
1016 1562 1276 1614 Ἀρίσταρχος
1307 1559 1441 1603 Ἰακῶς
1471 1561 1664 1613 πάσαντο,

265 1647 387 1687 quem
419 1632 582 1686 plenius
614 1631 753 1671 dicere
785 1630 978 1671 debuisse
1008 1629 1269 1682 Ἀρίσταρχος
1303 1627 1439 1670 Ἰακῶς
1463 1632 1565 1681 μῆρα
1593 1629 1665 1680 κάη

266 1702 327 1741 καὶ
351 1699 568 1752 σπλάγχνα
598 1699 778 1739 πάσαντο
801 1713 852 1738 ex
883 1697 966 1738 alia
997 1696 1274 1738 annotatione
1306 1701 1496 1751 apparet,
1519 1696 1561 1737 in
1583 1712 1667 1752 qua

267 1768 489 1809 Ptolemaei
512 1771 795 1808 commentum
817 1769 915 1818 μῆρε
937 1765 1009 1816 κάη
1031 1764 1252 1805 scribentis
1273 1765 1509 1819 exponitur.
1545 1765 1667 1806 Idem

266 1836 399 1891 igitur
428 1835 471 1875 in
494 1835 643 1890 Odyss.
667 1847 705 1888 3,
730 1848 781 1887 9.,
814 1833 886 1873 ubi
917 1833 1046 1873 verba
1077 1832 1277 1885 σπλάγχν’
1302 1833 1513 1882 ἐπάσαντο,
1536 1838 1580 1874 et
1609 1833 1664 1875 ib.

266 1906 321 1955 46
335 1919 363 1944 ι.
390 1916 455 1952 12,
477 1917 590 1957 394„
613 1902 683 1942 ubi
705 1906 823 1942 totus
844 1915 988 1941 versus
1010 1900 1076 1941 ille
1097 1900 1317 1954 repetitur,
1339 1900 1503 1954 placere
1520 1901 1667 1943 debuit

270 1971 533 2020 Aristarcho,
556 1969 635 2010 etsi
663 1983 747 2009 non
775 1974 840 2009 est
864 1972 1116 2008 annotatum
1144 1967 1185 2007 in
1212 1967 1377 2007 scholiis
1400 1983 1492 2022 quae
1523 1983 1666 2023 super-

267 2043 378 2079 sunt.
443 2038 578 2078 Porro
601 2037 647 2077 Il.
675 2050 712 2086 2,
736 2037 831 2076 682.
858 2034 1020 2089 Τρηχῖν’
1045 2035 1243 2086 ἐνέμοντο,
1277 2035 1430 2076 schol.:
1460 2037 1593 2079 Ἰακῶς
1622 2036 1666 2077 τὸ

268 2109 446 2159 Τρηχῖνα
482 2105 645 2156 νέμοντο
671 2103 945 2156 Ἀρίσταρχος.
977 2103 1033 2143 ib.
1061 2115 1157 2156 751.
1195 2102 1274 2155 ἔργ’
1305 2102 1501 2154 ἐνέμοντο,
1537 2103 1665 2145 schol.

264 2173 400 2216 Ἰακῶς
430 2174 474 2213 τὸ
497 2173 661 2224 νέμοντο
681 2171 956 2224 Ἀρίσταρχος.
1002 2184 1041 2220 4,
1068 2183 1164 2224 213.
1199 2171 1333 2211 αὐτίκα
1355 2170 1384 2211 δ’
1413 2173 1454 2211 ἐκ
1477 2172 1668 2223 ζωστῆρος

268 2242 454 2294 ἀρηρότος
476 2242 607 2280 εἷλκεν
629 2240 780 2287 ὀϊστόν,
802 2238 932 2279 schol.
957 2238 1217 2290 Ἀρίσταρχος
1239 2237 1373 2280 ’Ῑακῶς
1405 2239 1522 2278 ἕλκεν
1544 2239 1607 2278 καὶ
1628 2239 1667 2278 αἱ

268 2311 439 2350 πλείους.
473 2313 516 2348 et
538 2322 631 2362 quae
653 2311 754 2346 sunt
774 2305 935 2359 reliqua
957 2305 1210 2359 hujusmodi,
1233 2320 1258 2346 a
1280 2306 1474 2346 Bekkero
1492 2305 1668 2347 collecta

268 2376 309 2416 in
332 2376 474 2416 Indice
497 2374 747 2415 scholiorum
770 2388 809 2427 p.
835 2374 930 2413 818.
954 2379 997 2414 et
1018 2388 1152 2428 nuper
1176 2373 1397 2428 explorata
1417 2374 1472 2414 ab
1497 2374 1666 2415 Merke-

267 2444 324 2484 lio
345 2444 388 2484 in
411 2442 725 2498 Prolegomenis
745 2441 787 2481 in
805 2441 1073 2496 Apollonium
1091 2441 1304 2482 Rhodium
1325 2441 1422 2481 inde
1442 2457 1468 2482 a
1488 2457 1529 2495 p.
1543 2457 1636 2483 cvn.
1655 2475 1669 2492 ,

268 2511 379 2552 inter
400 2525 492 2565 quae
516 2510 671 2560 ἑστήκει
692 2524 856 2563 quoque
877 2514 954 2559 est,
977 2509 1088 2563 quod
1113 2516 1162 2549 ut
1185 2508 1373 2550 Ionicum
1393 2508 1515 2550 alteri
1536 2509 1666 2564 scrip—

268 2585 376 2620 turae
400 2578 570 2628 εἱστήκει
592 2577 888 2618 Aristarchum
915 2576 1150 2631 praetulisse
1176 2576 1269 2631 plus
1290 2577 1415 2617 semel
1437 2576 1477 2616 in
1500 2576 1666 2617 scholiis

268 2651 520 2687 annotatum
542 2649 622 2694 est,
643 2644 756 2684 velut
787 2644 842 2684 ad
871 2643 922 2684 Il.
939 2657 979 2694 4,
994 2656 1091 2697 329.
1108 2645 1204 2698 367.
1269 2643 1428 2684 Verum
1459 2643 1501 2683 id
1529 2643 1665 2697 ipsum

270 2715 382 2768 quod
415 2714 467 2753 de
502 2713 684 2754 dialecto
716 2711 865 2753 Ionica
902 2711 1013 2752 dixit
1041 2711 1330 2761 Aristarchus,
1365 2712 1398 2751 si
1427 2710 1665 2766 opinionem

269 2783 359 2836 ejus
400 2786 515 2821 recte
547 2780 822 2820 reddiderunt
857 2779 1110 2825 scholiastae,
1152 2780 1375 2820 manifesto
1415 2779 1565 2820 falsum
1599 2783 1664 2819 est

268 2849 502 2903 meritoque
520 2849 607 2901 jam
630 2849 684 2889 ab
702 2847 860 2887 W'olfio
882 2847 923 2886 in
946 2847 1251 2888 dubitationem
1273 2853 1466 2888 vocatum
1488 2846 1529 2886 in
1551 2847 1664 2887 Prae-
