1835 3256
232 227 289 261 xvi
754 225 789 260 l·'.
820 225 1108 261 A.W()121‹*1

229 329 278 364 nii
311 329 439 366 tilium.
471 328 639 375 qumnvis
670 328 872 376 supplicem
903 329 1143 376 (934—-135L
1175 341 1263 363 mox
1293 334 1329 364 et.
1363 329 1632 376 Asteropwum,

229 392 360 427 (lucem
393 391 582 429 Pavonum.
615 403 698 426 cum
731 391 812 426 aliis
841 391 952 438 hujus
983 390 1108 436 gentis
1140 390 1328 430 interficit,
1360 390 1491 426 Fluvio
1523 390 1631 425 irriso

231 462 268 491 ut
302 456 726 503 i1npm·i(13()——2io):
761 456 976 503 caulemque
1007 456 1264 495 continuabat,
1296 456 1364 491 nisi
1397 456 1573 491 Xanthus
1600 455 1633 490 vi

230 521 453 557 cndnvcrum
477 521 618 556 obstrui
647 534 686 557 sc
707 521 838 556 ‹lolcns
865 521 970 556 alveo
996 533 1080 556 cum
1106 521 1287 557 excedere
1313 521 1499 568 jussisset.
1562 521 1633 556 Vix

231 593 457 627 excesserat,
490 599 602 634 quum
640 599 768 622 rursus
802 586 939 627 insilit;
976 592 1014 622 ut
1045 586 1197 622 Fluvius
1231 599 1315 622 eum
1353 586 1430 622 suis
1460 586 1635 621 fluctibus

232 664 403 699 mergere
425 651 513 687 furit
534 657 570 687 et
591 664 784 698 egressum
808 651 1015 699 insequitur
1038 653 1100 696 (21
1119 653 1304 699 1—271).
1362 651 1447 687 Jam
1469 651 1505 687 in
1527 651 1636 687 undis

232 717 387 752 luctanti
409 716 506 752 vires
535 717 678 752 addunt
701 717 903 764 Neptunus
930 723 968 752 ct
990 716 1186 752 Minerva:
1224 715 1380 752 Xantho
1410 721 1550 758 autem,
1574 716 1635 763 qui

233 781 411 818 irritatior
438 782 549 818 etium
572 782 778 818 Simoentis
806 795 914 829 opem
946 782 1106 823 invocat.
1130 794 1150 817 a
1169 781 1320 817 Junone
1347 781 1523 829 objicitur
1545 781 1634 817 Vul-

232 859 360 887 canus,
383 847 442 894 qui
474 860 647 895 campum
675 853 712 883 et
740 847 912 883 Fluvium
940 847 1060 883 exurit
1090 859 1158 883 nec
1184 847 1355 882 flammas
1385 846 1536 882 cohibet
1566 846 1636 881 nisi

233 912 362 948 cadem
385 912 454 947 dea
474 918 625 948 auctore
646 912 912 959 (272—384).
960 911 1144 947 Oriuntur
1162 911 1296 947 ‹lcinde
1317 911 1526 960 singulares
1546 924 1634 947 con-

233 977 421 1013 tentiones
442 983 651 1013 cctcrorum
669 977 837 1017 deorum,
856 976 1005 1018 Martis,
1023 976 1409 1019 Minervae‚Veneris;
1438 975 1636 1024 Apollinis,

234 1041 427 1089 Neptuni;
460 1042 632 1082 Junonis,
656 1041 808 1083 Dianae;
842 1041 1034 1083 Mercurii,
1057 1041 1212 1077 Latonae
1235 1041 1500 1089 (385—513).
1547 1041 1638 1077 Post

233 1106 314 1143 haec
343 1107 380 1142 in
408 1106 612 1155 Olympum
643 1111 883 1143 revertuntur
913 1106 962 1141 dii
992 1111 1129 1154 praeter
1152 1105 1381 1153 Apollinem,
1403 1105 1463 1153 qui
1483 1105 1636 1154 Trojam

234 1183 363 1207 versus
392 1171 529 1219 pergit,
552 1171 639 1206 dum
661 1170 828 1206 Achilles
857 1171 956 1206 ferro
984 1171 1088 1207 saevit
1118 1183 1184 1219 per
1210 1182 1396 1217 campum,
1417 1169 1509 1205 alios
1533 1182 1635 1206 com-

233 1236 338 1285 pellit
367 1236 403 1272 in
435 1237 592 1278 urbe1n;
630 1236 764 1284 quihus
795 1241 942 1284 portam
977 1236 1117 1272 recludi
1146 1236 1255 1284 jubet
1287 1235 1456 1271 Priamus
1487 1237 1639 1284 (514—

234 1302 349 1350 543).
408 1301 467 1337 Illi
487 1314 533 1337 ne
556 1302 591 1336 in
613 1301 703 1349 fuga
723 1301 994 1349 opprimantur.
1019 1301 1155 1348 Apollo
1178 1300 1362 1337 Achillem
1382 1299 1545 1348 primum
1566 1299 1636 1335 irn-

232 1367 348 1403 misso
375 1368 553 1415 Agenore
583 1367 748 1408 distinet,
770 1379 856 1402 mox
883 1366 961 1414 ipse
986 1366 1176 1414 Agenoris
1206 1365 1329 1414 specie
1359 1365 1512 1401 indutus
1541 1364 1637 1400 fallit

231 1432 413 1481 fugiendo
435 1438 473 1468 et
493 1432 539 1468 ab
559 1432 651 1468 urbe
671 1431 858 1468 abstrahit
879 1431 1146 1479 (544-611).

869 1568 1001 1605 XXII.

299 1650 470 1698 Uterque
503 1649 692 1686 exercitus
727 1661 766 1685 se
800 1662 847 1685 ex
881 1662 1014 1698 campo
1048 1649 1086 1684 in
1121 1653 1244 1685 tutum
1281 1653 1487 1696 receperat,
1523 1661 1637 1696 quum

234 1716 420 1752 Achillem
452 1714 711 1765 persequendo
735 1713 914 1762 Apolline
942 1714 1162 1751 redeuntem
1190 1714 1291 1750 solus
1319 1719 1447 1750 manet
1478 1713 1638 1756 Hector,

233 1781 451 1830 parentibus
485 1793 532 1816 ex
567 1792 674 1816 muro
708 1779 882 1816 flebiliter
912 1779 1175 1816 revocantibus
1207 1777 1393 1828 (1—89).
1456 1779 1635 1815 Frustra:

234 1846 323 1883 hinc
342 1846 442 1882 enim
472 1845 603 1893 pudor,
624 1845 711 1880 hinc
740 1844 801 1880 alii
828 1845 984 1881 affectus
1010 1844 1114 1880 illum
1140 1844 1224 1879 loco
1252 1844 1383 1880 cedere
1412 1844 1634 1892 prohibent;

235 1912 415 1959 adspectu
444 1916 572 1946 tamen
591 1909 659 1945 viri
690 1909 892 1945 exterritus
921 1909 1030 1957 fugit,
1058 1909 1280 1956 insequente
1309 1920 1394 1944 eum
1415 1906 1565 1944 Achille
1595 1920 1638 1944 ac

234 1984 292 2013 ter
312 1976 452 2012 circum
481 1975 619 2011 moenia
642 1980 779 2022 agente
804 1974 1042 2023 (90—166).
1101 1973 1205 2009 Inter
1225 1973 1305 2008 haec
1325 1972 1497 2020 Juppiter
1517 1973 1637 2009 vicem

237 2040 413 2077 Hectoris
441 2040 638 2076 miseratus
658 2039 813 2075 tentatis
833 2037 995 2075 fatorum
1022 2038 1193 2074 lancibus
1212 2037 1265 2073 illi
1286 2050 1416 2074 necem
1445 2038 1636 2086 appendit,

236 2119 346 2154 quem
376 2106 422 2142 ab
447 2105 622 2153 Apolline
654 2105 779 2140 statim
811 2105 999 2140 desertum
1032 2103 1205 2139 Minerva
1236 2103 1359 2151 specie
1388 2102 1514 2139 fratris
1542 2102 1636 2139 De'1'-

234 2171 350 2219 phobi
370 2171 417 2206 ad
437 2170 691 2206 dimicandum
715 2169 887 2205 hortatur
911 2168 1176 2216 (167—247).
1237 2168 1294 2203 Ita
1320 2168 1454 2203 heroes
1477 2179 1636 2215 congre-

236 2236 389 2271 diuntur
422 2235 602 2283 singulari
638 2234 856 2274 certamine,
883 2233 920 2268 in
948 2246 1021 2281 quo
1051 2232 1227 2268 Minerva
1257 2232 1440 2268 Achillem
1471 2245 1638 2280 praesens

236 2300 402 2348 adjuvat,
418 2300 623 2335 Hectorem
645 2298 763 2334 atroci
780 2298 866 2334 dolo
883 2297 1025 2334 deludit
1044 2297 1306 2344 (248—305).
1348 2296 1515 2332 Tandem
1537 2296 1638 2332 hunc

235 2366 400 2401 maxima
429 2364 672 2401 contentione
701 2368 934 2411 pugnantem
966 2362 1129 2398 Achilles
1158 2362 1267 2397 hasta
1295 2361 1498 2409 transfigit,
1525 2361 1638 2397 armis

236 2430 384 2479 spoliat,
404 2429 661 2465 insultandum
688 2428 978 2474 foedandamque
1007 2427 1147 2474 praebet
1167 2426 1255 2466 suis.
1277 2431 1315 2462 et
1335 2426 1531 2474 religatum
1555 2438 1637 2461 cur-

234 2509 279 2532 ru
299 2496 346 2532 ad
367 2495 567 2531 stationem
596 2494 746 2530 navium
766 2498 890 2540 raptat
913 2492 1173 2539 (306—404).
1234 2491 1412 2527 Hectoris
1433 2490 1488 2526 sui
1509 2490 1637 2526 interi-

235 2566 316 2596 tum
336 2560 457 2608 plorat
474 2559 595 2595 omnis
612 2559 755 2599 civitas,
769 2558 1024 2594 lamentantur
1040 2569 1086 2592 ex
1107 2569 1215 2592 muro
1232 2561 1445 2604 spectantes
1465 2561 1639 2604 parentes

237 2630 274 2661 et
294 2625 406 2661 domo
427 2625 551 2661 excita
570 2623 837 2661 Andromache
856 2623 1028 2670 (405-5
1044 2623 1121 2669 15).

860 2746 1012 2782 XXIII.

299 2830 562 2879 Myrmidones
595 2830 694 2866 circa
725 2829 887 2866 Patrocli
919 2829 1058 2864 lectum
1090 2828 1128 2862 in
1160 2826 1272 2862 armis
1304 2826 1508 2861 decurrunt
1542 2837 1637 2872 prae-

236 2901 348 2932 eunte
370 2895 528 2935 Achille,
551 2895 612 2942 qui
634 2894 765 2930 iisdem
794 2906 882 2929 mox
904 2893 1054 2940 epulum
1078 2891 1234 2927 funebre
1260 2890 1417 2938 praebet,
1440 2890 1518 2937 ipse
1540 2888 1639 2936 apud
