<?xml version="1.0" encoding="UTF-8"?>
<!DOCTYPE html PUBLIC "-//W3C//DTD XHTML 1.0 Transitional//EN"
    "http://www.w3.org/TR/xhtml1/DTD/xhtml1-transitional.dtd">
<html xmlns="http://www.w3.org/1999/xhtml" xml:lang="en" lang="en">
 <head>
  <title>
</title>
<meta http-equiv="Content-Type" content="text/html;charset=utf-8" />
  <meta name='ocr-system' content='tesseract 3.04.00' />
  <meta name='ocr-capabilities' content='ocr_page ocr_carea ocr_par ocr_line ocrx_word'/>
</head>
<body>
  <div class='ocr_page' id='page_1' title='image "./iliasexrecogniti00homeuoft_0010.png"; bbox 0 0 1835 3256; ppageno 0'>
   <div class='ocr_carea' id='block_1_1' title="bbox 218 203 1105 253">
    <p class='ocr_par' dir='ltr' id='par_1_1' title="bbox 218 203 1105 253">
     <span class='ocr_line' id='line_1_1' title="bbox 218 203 1105 253; baseline 0.012 -11"><span class='ocrx_word' id='word_1_1' title='bbox 218 203 251 243; x_wconf 74' lang='lat' dir='ltr'>vi</span> <span class='ocrx_word' id='word_1_2' title='bbox 729 208 758 248; x_wconf 85' lang='lat' dir='ltr'>l‘</span> <span class='ocrx_word' id='word_1_3' title='bbox 774 210 802 249; x_wconf 72' lang='grc'>11</span> <span class='ocrx_word' id='word_1_4' title='bbox 821 211 869 250; x_wconf 75' lang='lat' dir='ltr'>AE</span> <span class='ocrx_word' id='word_1_5' title='bbox 889 212 920 250; x_wconf 66' lang='lat'>1³</span> <span class='ocrx_word' id='word_1_6' title='bbox 934 213 964 251; x_wconf 68' lang='lat' dir='ltr'>A</span> <span class='ocrx_word' id='word_1_7' title='bbox 982 213 1016 252; x_wconf 80' lang='grc' dir='ltr'><strong>Τ</strong></span> <span class='ocrx_word' id='word_1_8' title='bbox 1031 213 1041 253; x_wconf 92' lang='grc' dir='ltr'>Ι</span> <span class='ocrx_word' id='word_1_9' title='bbox 1056 218 1066 249; x_wconf 83' lang='lat'>‹</span> <span class='ocrx_word' id='word_1_10' title='bbox 1082 218 1105 253; x_wconf 81' lang='lat'>).</span> 
     </span>
    </p>
   </div>
   <div class='ocr_carea' id='block_1_2' title="bbox 212 311 1614 849">
    <p class='ocr_par' dir='ltr' id='par_1_2' title="bbox 212 311 1614 849">
     <span class='ocr_line' id='line_1_2' title="bbox 217 311 1612 375; baseline 0.011 -27"><span class='ocrx_word' id='word_1_11' title='bbox 217 311 372 350; x_wconf 69' lang='lat' dir='ltr'>frustm</span> <span class='ocrx_word' id='word_1_12' title='bbox 411 311 604 353; x_wconf 77' lang='lat' dir='ltr'>laborant</span> <span class='ocrx_word' id='word_1_13' title='bbox 642 313 905 369; x_wconf 70' lang='lat' dir='ltr'>iutorprctcs.</span> <span class='ocrx_word' id='word_1_14' title='bbox 946 318 1106 358; x_wconf 81' lang='lat' dir='ltr'>tollitur</span> <span class='ocrx_word' id='word_1_15' title='bbox 1141 319 1487 375; x_wconf 70' lang='lat' dir='ltr'>aptissimumquc</span> <span class='ocrx_word' id='word_1_16' title='bbox 1523 337 1612 363; x_wconf 81' lang='lat' dir='ltr'>vcr-</span> 
     </span>
     <span class='ocr_line' id='line_1_3' title="bbox 215 378 1612 445; baseline 0.01 -29"><span class='ocrx_word' id='word_1_17' title='bbox 215 378 311 418; x_wconf 83' lang='lat' dir='ltr'>lmm</span> <span class='ocrx_word' id='word_1_18' title='bbox 337 380 613 429; x_wconf 65' lang='grc' dir='ltr'>ἐπιιγιροι·εἰηισι</span> <span class='ocrx_word' id='word_1_19' title='bbox 634 382 884 432; x_wconf 58' lang='lat' dir='ltr'>vcstiuntur,</span> <span class='ocrx_word' id='word_1_20' title='bbox 902 385 1010 438; x_wconf 74' lang='lat' dir='ltr'>quod</span> <span class='ocrx_word' id='word_1_21' title='bbox 1036 391 1219 426; x_wconf 85' lang='lat' dir='ltr'>mcutcm</span> <span class='ocrx_word' id='word_1_22' title='bbox 1245 387 1465 429; x_wconf 75' lang='lat' dir='ltr'>advertero</span> <span class='ocrx_word' id='word_1_23' title='bbox 1486 390 1612 445; x_wconf 85' lang='lat' dir='ltr'>signi-</span> 
     </span>
     <span class='ocr_line' id='line_1_4' title="bbox 214 446 1614 506; baseline 0.009 -20"><span class='ocrx_word' id='word_1_24' title='bbox 214 446 325 488; x_wconf 78' lang='lat' dir='ltr'>ficat.</span> <span class='ocrx_word' id='word_1_25' title='bbox 348 451 596 486; x_wconf 76' lang='lat' dir='ltr'>annotatum</span> <span class='ocrx_word' id='word_1_26' title='bbox 627 449 681 488; x_wconf 75' lang='lat' dir='ltr'>ab</span> <span class='ocrx_word' id='word_1_27' title='bbox 708 449 920 504; x_wconf 67' lang='lat' dir='ltr'>llcsychio</span> <span class='ocrx_word' id='word_1_28' title='bbox 949 453 1251 504; x_wconf 77' lang='grc' dir='ltr'>ἐπιφρονέουσιν</span> <span class='ocrx_word' id='word_1_29' title='bbox 1274 460 1389 506; x_wconf 81' lang='lat' dir='ltr'>(nam</span> <span class='ocrx_word' id='word_1_30' title='bbox 1419 455 1476 496; x_wconf 85' lang='lat' dir='ltr'>sic</span> <span class='ocrx_word' id='word_1_31' title='bbox 1504 457 1614 498; x_wconf 90' lang='lat' dir='ltr'>codi-</span> 
     </span>
     <span class='ocr_line' id='line_1_5' title="bbox 214 514 1614 577; baseline 0.009 -24"><span class='ocrx_word' id='word_1_32' title='bbox 214 514 273 554; x_wconf 86' lang='lat' dir='ltr'>cis</span> <span class='ocrx_word' id='word_1_33' title='bbox 303 514 556 568; x_wconf 75' lang='lat' dir='ltr'>scripturam</span> <span class='ocrx_word' id='word_1_34' title='bbox 584 517 913 567; x_wconf 67' lang='grc' dir='ltr'>ἐπυρροιέύουσιν</span> <span class='ocrx_word' id='word_1_35' title='bbox 934 519 1118 561; x_wconf 82' lang='lat' dir='ltr'>correxit</span> <span class='ocrx_word' id='word_1_36' title='bbox 1139 521 1332 571; x_wconf 64' lang='lat' dir='ltr'>densius)</span> <span class='ocrx_word' id='word_1_37' title='bbox 1356 537 1430 577; x_wconf 83' lang='lat' dir='ltr'>por</span> <span class='ocrx_word' id='word_1_38' title='bbox 1452 526 1614 566; x_wconf 81' lang='grc' dir='ltr'>ἐπακού-</span> 
     </span>
     <span class='ocr_line' id='line_1_6' title="bbox 214 582 1614 639; baseline 0.009 -17"><span class='ocrx_word' id='word_1_39' title='bbox 214 599 325 622; x_wconf 74' lang='lat' dir='ltr'>omu-</span> <span class='ocrx_word' id='word_1_40' title='bbox 349 582 654 636; x_wconf 71' lang='lat' dir='ltr'>interpretato:</span> <span class='ocrx_word' id='word_1_41' title='bbox 689 600 782 639; x_wconf 73' lang='lat' dir='ltr'>qum</span> <span class='ocrx_word' id='word_1_42' title='bbox 803 586 944 639; x_wconf 71' lang='lat' dir='ltr'>glossa</span> <span class='ocrx_word' id='word_1_43' title='bbox 972 587 1005 627; x_wconf 82' lang='lat' dir='ltr'>si</span> <span class='ocrx_word' id='word_1_44' title='bbox 1033 588 1084 628; x_wconf 78' lang='lat' dir='ltr'>ad</span> <span class='ocrx_word' id='word_1_45' title='bbox 1119 588 1226 628; x_wconf 88' lang='lat' dir='ltr'>lmnc</span> <span class='ocrx_word' id='word_1_46' title='bbox 1258 589 1393 630; x_wconf 89' lang='lat' dir='ltr'>locum</span> <span class='ocrx_word' id='word_1_47' title='bbox 1420 597 1485 632; x_wconf 86' lang='lat' dir='ltr'>cst</span> <span class='ocrx_word' id='word_1_48' title='bbox 1514 595 1614 634; x_wconf 78' lang='lat' dir='ltr'>refe-</span> 
     </span>
     <span class='ocr_line' id='line_1_7' title="bbox 214 649 1613 702; baseline 0.009 -13"><span class='ocrx_word' id='word_1_49' title='bbox 214 649 358 695; x_wconf 73' lang='lat' dir='ltr'>renda,</span> <span class='ocrx_word' id='word_1_50' title='bbox 379 649 531 690; x_wconf 80' lang='lat' dir='ltr'>indicio</span> <span class='ocrx_word' id='word_1_51' title='bbox 553 659 617 692; x_wconf 84' lang='lat' dir='ltr'>cst</span> <span class='ocrx_word' id='word_1_52' title='bbox 640 652 769 693; x_wconf 76' lang='lat' dir='ltr'>ctiam</span> <span class='ocrx_word' id='word_1_53' title='bbox 793 653 903 695; x_wconf 83' lang='lat' dir='ltr'>inter</span> <span class='ocrx_word' id='word_1_54' title='bbox 925 655 1088 696; x_wconf 76' lang='lat' dir='ltr'>codices</span> <span class='ocrx_word' id='word_1_55' title='bbox 1110 657 1419 699; x_wconf 74' lang='lat' dir='ltr'>Alexandrinos</span> <span class='ocrx_word' id='word_1_56' title='bbox 1438 659 1613 702; x_wconf 89' lang='lat' dir='ltr'>Homeri</span> 
     </span>
     <span class='ocr_line' id='line_1_8' title="bbox 212 717 1614 781; baseline 0.008 -25"><span class='ocrx_word' id='word_1_57' title='bbox 212 718 338 757; x_wconf 81' lang='lat' dir='ltr'>fuisso</span> <span class='ocrx_word' id='word_1_58' title='bbox 361 718 429 771; x_wconf 89' lang='lat' dir='ltr'>qui</span> <span class='ocrx_word' id='word_1_59' title='bbox 456 717 513 758; x_wconf 78' lang='lat' dir='ltr'>sic</span> <span class='ocrx_word' id='word_1_60' title='bbox 535 719 738 774; x_wconf 83' lang='lat' dir='ltr'>scriptum</span> <span class='ocrx_word' id='word_1_61' title='bbox 771 722 988 764; x_wconf 78' lang='lat' dir='ltr'>liabcrent.</span> <span class='ocrx_word' id='word_1_62' title='bbox 1035 723 1178 765; x_wconf 78' lang='lat' dir='ltr'>Verbo</span> <span class='ocrx_word' id='word_1_63' title='bbox 1209 731 1351 767; x_wconf 82' lang='lat' dir='ltr'>autem</span> <span class='ocrx_word' id='word_1_64' title='bbox 1384 729 1614 781; x_wconf 81' lang='grc' dir='ltr'>ἐπιφρονεῖν</span> 
     </span>
     <span class='ocr_line' id='line_1_9' title="bbox 216 786 1528 849; baseline 0.008 -24"><span class='ocrx_word' id='word_1_65' title='bbox 216 786 427 826; x_wconf 80' lang='lat' dir='ltr'>llomcrus</span> <span class='ocrx_word' id='word_1_66' title='bbox 449 801 548 827; x_wconf 85' lang='lat' dir='ltr'>usus</span> <span class='ocrx_word' id='word_1_67' title='bbox 569 794 633 828; x_wconf 80' lang='lat' dir='ltr'>cst</span> <span class='ocrx_word' id='word_1_68' title='bbox 657 789 785 830; x_wconf 83' lang='lat' dir='ltr'>ctiam</span> <span class='ocrx_word' id='word_1_69' title='bbox 809 791 888 831; x_wconf 67' lang='lat' dir='ltr'>(Jd.</span> <span class='ocrx_word' id='word_1_70' title='bbox 914 805 973 842; x_wconf 76' lang='lat'>¹9-</span> <span class='ocrx_word' id='word_1_71' title='bbox 996 795 1094 846; x_wconf 69' lang='lat'>385.</span> <span class='ocrx_word' id='word_1_72' title='bbox 1116 793 1203 834; x_wconf 80' lang='lat' dir='ltr'>alia</span> <span class='ocrx_word' id='word_1_73' title='bbox 1223 793 1528 849; x_wconf 83' lang='lat' dir='ltr'>significatione</span> 
     </span>
    </p>
   </div>
   <div class='ocr_carea' id='block_1_3' title="bbox 425 879 1287 935">
    <p class='ocr_par' dir='ltr' id='par_1_3' title="bbox 425 879 1287 935">
     <span class='ocr_line' id='line_1_10' title="bbox 425 879 1287 935; baseline 0.008 -18"><span class='ocrx_word' id='word_1_74' title='bbox 425 879 474 919; x_wconf 81' lang='grc' dir='ltr'>ὡς</span> <span class='ocrx_word' id='word_1_75' title='bbox 497 879 546 918; x_wconf 82' lang='grc' dir='ltr'>σύ</span> <span class='ocrx_word' id='word_1_76' title='bbox 568 895 639 929; x_wconf 84' lang='grc' dir='ltr'>περ</span> <span class='ocrx_word' id='word_1_77' title='bbox 662 879 756 929; x_wconf 79' lang='grc' dir='ltr'>αὐτὴ</span> <span class='ocrx_word' id='word_1_78' title='bbox 781 881 1054 932; x_wconf 67' lang='grc' dir='ltr'>ἐπιφροι.’έουσ’</span> <span class='ocrx_word' id='word_1_79' title='bbox 1074 884 1287 935; x_wconf 82' lang='grc' dir='ltr'>ἀγορεύεις,</span> 
     </span>
    </p>
   </div>
   <div class='ocr_carea' id='block_1_4' title="bbox 211 972 1614 1573">
    <p class='ocr_par' dir='ltr' id='par_1_4' title="bbox 211 972 1614 1573">
     <span class='ocr_line' id='line_1_11' title="bbox 212 972 1614 1031; baseline 0.007 -19"><span class='ocrx_word' id='word_1_80' title='bbox 212 972 280 1013; x_wconf 89' lang='lat' dir='ltr'>ubi</span> <span class='ocrx_word' id='word_1_81' title='bbox 304 988 378 1027; x_wconf 77' lang='lat' dir='ltr'>por</span> <span class='ocrx_word' id='word_1_82' title='bbox 401 975 612 1025; x_wconf 77' lang='grc' dir='ltr'>περίφρων,</span> <span class='ocrx_word' id='word_1_83' title='bbox 631 975 826 1029; x_wconf 77' lang='lat' dir='ltr'>prudens,</span> <span class='ocrx_word' id='word_1_84' title='bbox 846 977 1080 1031; x_wconf 73' lang='lat' dir='ltr'>explicatur</span> <span class='ocrx_word' id='word_1_85' title='bbox 1100 978 1154 1019; x_wconf 83' lang='lat' dir='ltr'>ab</span> <span class='ocrx_word' id='word_1_86' title='bbox 1180 978 1418 1020; x_wconf 79' lang='lat' dir='ltr'>Eustathio.</span> <span class='ocrx_word' id='word_1_87' title='bbox 1469 981 1614 1023; x_wconf 85' lang='lat' dir='ltr'>Altera</span> 
     </span>
     <span class='ocr_line' id='line_1_12' title="bbox 211 1041 1614 1102; baseline 0.007 -23"><span class='ocrx_word' id='word_1_88' title='bbox 211 1041 323 1095; x_wconf 86' lang='lat' dir='ltr'>apud</span> <span class='ocrx_word' id='word_1_89' title='bbox 348 1041 571 1081; x_wconf 73' lang='lat' dir='ltr'>Platonem</span> <span class='ocrx_word' id='word_1_90' title='bbox 601 1042 820 1096; x_wconf 62' lang='lat' dir='ltr'>scripturae</span> <span class='ocrx_word' id='word_1_91' title='bbox 844 1044 1066 1085; x_wconf 80' lang='lat' dir='ltr'>diversitas</span> <span class='ocrx_word' id='word_1_92' title='bbox 1088 1047 1336 1087; x_wconf 80' lang='grc' dir='ltr'>ἀειδόντεσσι</span> <span class='ocrx_word' id='word_1_93' title='bbox 1359 1062 1434 1102; x_wconf 88' lang='lat' dir='ltr'>pro</span> <span class='ocrx_word' id='word_1_94' title='bbox 1457 1049 1614 1089; x_wconf 83' lang='grc' dir='ltr'>ἀκουόν-</span> 
     </span>
     <span class='ocr_line' id='line_1_13' title="bbox 211 1109 1614 1169; baseline 0.006 -21"><span class='ocrx_word' id='word_1_95' title='bbox 211 1126 338 1150; x_wconf 82' lang='grc' dir='ltr'>τεσσι,</span> <span class='ocrx_word' id='word_1_96' title='bbox 368 1109 512 1163; x_wconf 78' lang='lat' dir='ltr'>inepta</span> <span class='ocrx_word' id='word_1_97' title='bbox 541 1109 708 1164; x_wconf 88' lang='lat' dir='ltr'>quidem</span> <span class='ocrx_word' id='word_1_98' title='bbox 742 1126 816 1165; x_wconf 86' lang='lat' dir='ltr'>per</span> <span class='ocrx_word' id='word_1_99' title='bbox 841 1127 884 1153; x_wconf 88' lang='lat' dir='ltr'>se</span> <span class='ocrx_word' id='word_1_100' title='bbox 915 1118 992 1160; x_wconf 89' lang='lat' dir='ltr'>est,</span> <span class='ocrx_word' id='word_1_101' title='bbox 1015 1127 1144 1167; x_wconf 86' lang='lat' dir='ltr'>quum</span> <span class='ocrx_word' id='word_1_102' title='bbox 1173 1113 1232 1154; x_wconf 92' lang='lat' dir='ltr'>sic</span> <span class='ocrx_word' id='word_1_103' title='bbox 1263 1114 1335 1169; x_wconf 92' lang='lat' dir='ltr'>qui</span> <span class='ocrx_word' id='word_1_104' title='bbox 1366 1115 1614 1157; x_wconf 76' lang='lat' dir='ltr'>canentibus</span> 
     </span>
     <span class='ocr_line' id='line_1_14' title="bbox 211 1177 1613 1233; baseline 0.006 -17"><span class='ocrx_word' id='word_1_105' title='bbox 211 1191 355 1217; x_wconf 78' lang='lat' dir='ltr'>aurem</span> <span class='ocrx_word' id='word_1_106' title='bbox 384 1177 571 1231; x_wconf 75' lang='lat' dir='ltr'>praebere</span> <span class='ocrx_word' id='word_1_107' title='bbox 593 1178 776 1219; x_wconf 82' lang='lat' dir='ltr'>debeant</span> <span class='ocrx_word' id='word_1_108' title='bbox 801 1178 877 1233; x_wconf 87' lang='lat' dir='ltr'>ipsi</span> <span class='ocrx_word' id='word_1_109' title='bbox 906 1194 1056 1220; x_wconf 82' lang='lat' dir='ltr'>canere</span> <span class='ocrx_word' id='word_1_110' title='bbox 1078 1180 1286 1229; x_wconf 84' lang='lat' dir='ltr'>dicantur,</span> <span class='ocrx_word' id='word_1_111' title='bbox 1309 1182 1383 1223; x_wconf 88' lang='lat' dir='ltr'>sed</span> <span class='ocrx_word' id='word_1_112' title='bbox 1406 1197 1513 1224; x_wconf 87' lang='lat' dir='ltr'>verae</span> <span class='ocrx_word' id='word_1_113' title='bbox 1535 1183 1613 1225; x_wconf 89' lang='lat' dir='ltr'>lec-</span> 
     </span>
     <span class='ocr_line' id='line_1_15' title="bbox 212 1244 1613 1299; baseline 0.006 -15"><span class='ocrx_word' id='word_1_114' title='bbox 212 1244 340 1284; x_wconf 88' lang='lat' dir='ltr'>tionis</span> <span class='ocrx_word' id='word_1_115' title='bbox 369 1245 589 1299; x_wconf 78' lang='lat' dir='ltr'>vestigium</span> <span class='ocrx_word' id='word_1_116' title='bbox 621 1245 811 1287; x_wconf 83' lang='lat' dir='ltr'>continet</span> <span class='ocrx_word' id='word_1_117' title='bbox 842 1247 896 1288; x_wconf 81' lang='lat' dir='ltr'>ab</span> <span class='ocrx_word' id='word_1_118' title='bbox 919 1247 967 1288; x_wconf 91' lang='lat' dir='ltr'>L.</span> <span class='ocrx_word' id='word_1_119' title='bbox 988 1248 1210 1289; x_wconf 85' lang='lat' dir='ltr'>Dindorfio</span> <span class='ocrx_word' id='word_1_120' title='bbox 1242 1250 1455 1292; x_wconf 82' lang='lat' dir='ltr'>restitutae</span> <span class='ocrx_word' id='word_1_121' title='bbox 1487 1253 1613 1293; x_wconf 85' lang='grc' dir='ltr'>ἀειόν-</span> 
     </span>
     <span class='ocr_line' id='line_1_16' title="bbox 212 1313 1612 1372; baseline 0.006 -20"><span class='ocrx_word' id='word_1_122' title='bbox 212 1330 337 1360; x_wconf 83' lang='grc' dir='ltr'>τεο-σι,</span> <span class='ocrx_word' id='word_1_123' title='bbox 374 1313 415 1353; x_wconf 92' lang='lat' dir='ltr'>id</span> <span class='ocrx_word' id='word_1_124' title='bbox 453 1319 518 1354; x_wconf 88' lang='lat' dir='ltr'>est</span> <span class='ocrx_word' id='word_1_125' title='bbox 555 1315 771 1363; x_wconf 75' lang='grc' dir='ltr'>ἀῖόντετσι,</span> <span class='ocrx_word' id='word_1_126' title='bbox 811 1317 1019 1370; x_wconf 86' lang='lat' dir='ltr'>producta</span> <span class='ocrx_word' id='word_1_127' title='bbox 1055 1317 1215 1371; x_wconf 80' lang='lat' dir='ltr'>syllaba</span> <span class='ocrx_word' id='word_1_128' title='bbox 1250 1320 1445 1360; x_wconf 88' lang='lat' dir='ltr'>secunda.</span> <span class='ocrx_word' id='word_1_129' title='bbox 1513 1320 1612 1372; x_wconf 81' lang='lat' dir='ltr'>Quae</span> 
     </span>
     <span class='ocr_line' id='line_1_17' title="bbox 212 1381 1610 1439; baseline 0.005 -19"><span class='ocrx_word' id='word_1_130' title='bbox 212 1395 408 1422; x_wconf 82' lang='lat' dir='ltr'>mensura</span> <span class='ocrx_word' id='word_1_131' title='bbox 435 1381 563 1423; x_wconf 85' lang='lat' dir='ltr'>etiam</span> <span class='ocrx_word' id='word_1_132' title='bbox 595 1383 707 1436; x_wconf 78' lang='lat' dir='ltr'>apud</span> <span class='ocrx_word' id='word_1_133' title='bbox 737 1383 971 1424; x_wconf 77' lang='lat' dir='ltr'>Hesiodum</span> <span class='ocrx_word' id='word_1_134' title='bbox 994 1384 1074 1439; x_wconf 92' lang='lat' dir='ltr'>Op.</span> <span class='ocrx_word' id='word_1_135' title='bbox 1101 1398 1194 1426; x_wconf 82' lang='lat'>211.</span> <span class='ocrx_word' id='word_1_136' title='bbox 1220 1386 1355 1427; x_wconf 85' lang='lat' dir='ltr'>fraudi</span> <span class='ocrx_word' id='word_1_137' title='bbox 1378 1387 1458 1428; x_wconf 89' lang='lat' dir='ltr'>fuit</span> <span class='ocrx_word' id='word_1_138' title='bbox 1480 1387 1610 1429; x_wconf 81' lang='lat' dir='ltr'>veteri</span> 
     </span>
     <span class='ocr_line' id='line_1_18' title="bbox 213 1449 1612 1509; baseline 0.004 -20"><span class='ocrx_word' id='word_1_139' title='bbox 213 1449 453 1497; x_wconf 79' lang='lat' dir='ltr'>correctori,</span> <span class='ocrx_word' id='word_1_140' title='bbox 478 1450 547 1504; x_wconf 91' lang='lat' dir='ltr'>qui</span> <span class='ocrx_word' id='word_1_141' title='bbox 570 1451 730 1505; x_wconf 85' lang='lat' dir='ltr'>pariter</span> <span class='ocrx_word' id='word_1_142' title='bbox 753 1452 924 1492; x_wconf 87' lang='lat' dir='ltr'>verbum</span> <span class='ocrx_word' id='word_1_143' title='bbox 946 1453 1101 1493; x_wconf 79' lang='grc' dir='ltr'>ἀκούειν</span> <span class='ocrx_word' id='word_1_144' title='bbox 1123 1453 1346 1496; x_wconf 74' lang='lat' dir='ltr'>substituit</span> <span class='ocrx_word' id='word_1_145' title='bbox 1369 1455 1480 1509; x_wconf 85' lang='lat' dir='ltr'>quod</span> <span class='ocrx_word' id='word_1_146' title='bbox 1503 1469 1612 1496; x_wconf 90' lang='lat' dir='ltr'>nunc</span> 
     </span>
     <span class='ocr_line' id='line_1_19' title="bbox 214 1515 794 1573; baseline 0.009 -18"><span class='ocrx_word' id='word_1_147' title='bbox 214 1515 253 1555; x_wconf 90' lang='lat' dir='ltr'>in</span> <span class='ocrx_word' id='word_1_148' title='bbox 276 1516 391 1557; x_wconf 85' lang='lat' dir='ltr'>libris</span> <span class='ocrx_word' id='word_1_149' title='bbox 413 1518 606 1559; x_wconf 86' lang='lat' dir='ltr'>omnibus</span> <span class='ocrx_word' id='word_1_150' title='bbox 628 1519 794 1573; x_wconf 79' lang='lat' dir='ltr'>legitur.</span> 
     </span>
    </p>
   </div>
   <div class='ocr_carea' id='block_1_5' title="bbox 550 1607 1152 1660">
    <p class='ocr_par' dir='ltr' id='par_1_5' title="bbox 550 1607 1152 1660">
     <span class='ocr_line' id='line_1_20' title="bbox 550 1607 1152 1660; baseline 0.007 -13"><span class='ocrx_word' id='word_1_151' title='bbox 550 1607 579 1647; x_wconf 75' lang='grc' dir='ltr'><em>ὦ</em></span> <span class='ocrx_word' id='word_1_152' title='bbox 603 1609 752 1659; x_wconf 79' lang='grc' dir='ltr'>Πέρση.</span> <span class='ocrx_word' id='word_1_153' title='bbox 776 1609 826 1648; x_wconf 84' lang='grc' dir='ltr'>σὺ</span> <span class='ocrx_word' id='word_1_154' title='bbox 847 1609 879 1649; x_wconf 72' lang='grc' dir='ltr'>δ’</span> <span class='ocrx_word' id='word_1_155' title='bbox 897 1611 1013 1650; x_wconf 80' lang='grc' dir='ltr'>ἄκουε</span> <span class='ocrx_word' id='word_1_156' title='bbox 1035 1611 1152 1660; x_wconf 80' lang='grc' dir='ltr'><em>δίκης,</em></span> 
     </span>
    </p>
   </div>
   <div class='ocr_carea' id='block_1_6' title="bbox 209 1697 1612 2852">
    <p class='ocr_par' dir='ltr' id='par_1_6' title="bbox 211 1697 1612 2015">
     <span class='ocr_line' id='line_1_21' title="bbox 212 1697 1611 1755; baseline 0.002 -18"><span class='ocrx_word' id='word_1_157' title='bbox 212 1697 285 1737; x_wconf 89' lang='lat' dir='ltr'>sed</span> <span class='ocrx_word' id='word_1_158' title='bbox 322 1711 461 1738; x_wconf 81' lang='lat' dir='ltr'>veram</span> <span class='ocrx_word' id='word_1_159' title='bbox 499 1697 751 1752; x_wconf 76' lang='lat' dir='ltr'>scripturam</span> <span class='ocrx_word' id='word_1_160' title='bbox 789 1700 971 1740; x_wconf 82' lang='lat' dir='ltr'>servavit</span> <span class='ocrx_word' id='word_1_161' title='bbox 1006 1699 1147 1753; x_wconf 84' lang='lat' dir='ltr'>Etym.</span> <span class='ocrx_word' id='word_1_162' title='bbox 1187 1700 1247 1740; x_wconf 89' lang='lat' dir='ltr'>M.</span> <span class='ocrx_word' id='word_1_163' title='bbox 1281 1715 1321 1755; x_wconf 90' lang='lat' dir='ltr'>p.</span> <span class='ocrx_word' id='word_1_164' title='bbox 1351 1713 1418 1754; x_wconf 80' lang='lat'>43,</span> <span class='ocrx_word' id='word_1_165' title='bbox 1440 1710 1481 1755; x_wconf 85' lang='lat'>5.</span> <span class='ocrx_word' id='word_1_166' title='bbox 1512 1699 1611 1740; x_wconf 76' lang='grc' dir='ltr'><strong><em>ἀΐωτ</em></strong></span> 
     </span>
     <span class='ocr_line' id='line_1_22' title="bbox 211 1764 1612 1817; baseline 0.004 -13"><span class='ocrx_word' id='word_1_167' title='bbox 211 1764 400 1808; x_wconf 83' lang='grc' dir='ltr'>Ἠσίοδος</span> <span class='ocrx_word' id='word_1_168' title='bbox 423 1772 446 1787; x_wconf 85' lang='grc'><strong>“</strong></span> <span class='ocrx_word' id='word_1_169' title='bbox 462 1767 512 1806; x_wconf 87' lang='grc' dir='ltr'>σὺ</span> <span class='ocrx_word' id='word_1_170' title='bbox 533 1765 563 1806; x_wconf 84' lang='grc' dir='ltr'>δ’</span> <span class='ocrx_word' id='word_1_171' title='bbox 586 1767 647 1807; x_wconf 83' lang='grc' dir='ltr'>ἄϊε</span> <span class='ocrx_word' id='word_1_172' title='bbox 677 1767 803 1817; x_wconf 84' lang='grc' dir='ltr'>ὃίκης”</span> <span class='ocrx_word' id='word_1_173' title='bbox 825 1768 910 1807; x_wconf 84' lang='grc' dir='ltr'>ἀντὶ</span> <span class='ocrx_word' id='word_1_174' title='bbox 935 1771 1002 1807; x_wconf 86' lang='grc' dir='ltr'>τοῦ</span> <span class='ocrx_word' id='word_1_175' title='bbox 1034 1768 1161 1808; x_wconf 86' lang='grc' dir='ltr'>ἄκουε.</span> <span class='ocrx_word' id='word_1_176' title='bbox 1226 1767 1385 1809; x_wconf 84' lang='lat' dir='ltr'>Eadem</span> <span class='ocrx_word' id='word_1_177' title='bbox 1417 1782 1612 1809; x_wconf 85' lang='lat' dir='ltr'>mensura</span> 
     </span>
     <span class='ocr_line' id='line_1_23' title="bbox 211 1835 1608 1891; baseline 0.001 -16"><span class='ocrx_word' id='word_1_178' title='bbox 211 1849 310 1875; x_wconf 89' lang='lat' dir='ltr'>usus</span> <span class='ocrx_word' id='word_1_179' title='bbox 327 1840 392 1876; x_wconf 90' lang='lat' dir='ltr'>est</span> <span class='ocrx_word' id='word_1_180' title='bbox 408 1835 639 1891; x_wconf 84' lang='lat' dir='ltr'>AEschylus</span> <span class='ocrx_word' id='word_1_181' title='bbox 656 1836 697 1876; x_wconf 90' lang='lat' dir='ltr'>in</span> <span class='ocrx_word' id='word_1_182' title='bbox 715 1841 851 1877; x_wconf 86' lang='lat' dir='ltr'>metro</span> <span class='ocrx_word' id='word_1_183' title='bbox 868 1836 1149 1878; x_wconf 82' lang='lat' dir='ltr'>choriambico</span> <span class='ocrx_word' id='word_1_184' title='bbox 1169 1841 1202 1867; x_wconf 86' lang='lat'>—&#39;</span> <span class='ocrx_word' id='word_1_185' title='bbox 1217 1859 1247 1876; x_wconf 66' lang='grc' dir='ltr'><strong>υ</strong></span> <span class='ocrx_word' id='word_1_186' title='bbox 1262 1859 1292 1876; x_wconf 62' lang='grc' dir='ltr'><strong>υ</strong></span> <span class='ocrx_word' id='word_1_187' title='bbox 1307 1863 1350 1887; x_wconf 85' lang='lat'>—,</span> <span class='ocrx_word' id='word_1_188' title='bbox 1375 1859 1405 1876; x_wconf 64' lang='grc' dir='ltr'><strong>υ</strong></span> <span class='ocrx_word' id='word_1_189' title='bbox 1417 1842 1451 1868; x_wconf 84' lang='grc'>-’</span> <span class='ocrx_word' id='word_1_190' title='bbox 1463 1863 1506 1887; x_wconf 83' lang='grc'>-,</span> <span class='ocrx_word' id='word_1_191' title='bbox 1523 1837 1608 1877; x_wconf 90' lang='lat' dir='ltr'>Eu-</span> 
     </span>
     <span class='ocr_line' id='line_1_24' title="bbox 211 1904 438 1956; baseline 0.004 -14"><span class='ocrx_word' id='word_1_192' title='bbox 211 1917 319 1944; x_wconf 87' lang='lat' dir='ltr'>men.</span> <span class='ocrx_word' id='word_1_193' title='bbox 344 1904 438 1956; x_wconf 82' lang='lat'><strong>845.</strong></span> 
     </span>
     <span class='ocr_line' id='line_1_25' title="bbox 673 1961 1062 2015; baseline 0.003 -13"><span class='ocrx_word' id='word_1_194' title='bbox 673 1961 808 2013; x_wconf 82' lang='grc' dir='ltr'>θυμὺν,</span> <span class='ocrx_word' id='word_1_195' title='bbox 833 1963 906 2011; x_wconf 80' lang='grc' dir='ltr'>ἄϊε,</span> <span class='ocrx_word' id='word_1_196' title='bbox 928 1966 1062 2015; x_wconf 77' lang='grc' dir='ltr'>μᾶτερ,</span> 
     </span>
    </p>

    <p class='ocr_par' dir='ltr' id='par_1_7' title="bbox 209 2050 1609 2852">
     <span class='ocr_line' id='line_1_26' title="bbox 211 2050 1609 2108; baseline 0.001 -18"><span class='ocrx_word' id='word_1_197' title='bbox 211 2065 304 2105; x_wconf 84' lang='lat' dir='ltr'>quae</span> <span class='ocrx_word' id='word_1_198' title='bbox 326 2050 414 2091; x_wconf 85' lang='lat' dir='ltr'>sola</span> <span class='ocrx_word' id='word_1_199' title='bbox 435 2050 517 2091; x_wconf 89' lang='lat' dir='ltr'>illic</span> <span class='ocrx_word' id='word_1_200' title='bbox 538 2057 642 2105; x_wconf 86' lang='lat' dir='ltr'>apta</span> <span class='ocrx_word' id='word_1_201' title='bbox 665 2066 863 2093; x_wconf 87' lang='lat' dir='ltr'>mensura</span> <span class='ocrx_word' id='word_1_202' title='bbox 883 2057 960 2102; x_wconf 77' lang='lat' dir='ltr'>est,</span> <span class='ocrx_word' id='word_1_203' title='bbox 984 2067 1066 2093; x_wconf 93' lang='lat' dir='ltr'>non</span> <span class='ocrx_word' id='word_1_204' title='bbox 1092 2067 1184 2108; x_wconf 87' lang='lat' dir='ltr'>quae</span> <span class='ocrx_word' id='word_1_205' title='bbox 1207 2053 1262 2093; x_wconf 87' lang='lat' dir='ltr'>ab</span> <span class='ocrx_word' id='word_1_206' title='bbox 1282 2051 1374 2093; x_wconf 89' lang='lat' dir='ltr'>aliis</span> <span class='ocrx_word' id='word_1_207' title='bbox 1396 2052 1530 2093; x_wconf 89' lang='lat' dir='ltr'>versui</span> <span class='ocrx_word' id='word_1_208' title='bbox 1553 2051 1609 2092; x_wconf 91' lang='lat' dir='ltr'>illi</span> 
     </span>
     <span class='ocr_line' id='line_1_27' title="bbox 209 2118 1608 2174; baseline 0.001 -16"><span class='ocrx_word' id='word_1_209' title='bbox 209 2118 437 2159; x_wconf 82' lang='lat' dir='ltr'>adhibetur</span> <span class='ocrx_word' id='word_1_210' title='bbox 465 2119 673 2174; x_wconf 83' lang='lat' dir='ltr'>dactylica</span> <span class='ocrx_word' id='word_1_211' title='bbox 693 2124 782 2167; x_wconf 51' lang='lat' dir='ltr'>Lu,</span> <span class='ocrx_word' id='word_1_212' title='bbox 805 2125 882 2159; x_wconf 73' lang='grc' dir='ltr'>-ὐ</span> <span class='ocrx_word' id='word_1_213' title='bbox 897 2142 942 2170; x_wconf 66' lang='grc' dir='ltr'>υ,</span> <span class='ocrx_word' id='word_1_214' title='bbox 963 2125 1053 2161; x_wconf 49' lang='lat' dir='ltr'>Lo.</span> <span class='ocrx_word' id='word_1_215' title='bbox 1115 2121 1212 2161; x_wconf 85' lang='lat' dir='ltr'>Non</span> <span class='ocrx_word' id='word_1_216' title='bbox 1240 2120 1376 2160; x_wconf 91' lang='lat' dir='ltr'>minus</span> <span class='ocrx_word' id='word_1_217' title='bbox 1404 2133 1608 2160; x_wconf 86' lang='lat' dir='ltr'>memora-</span> 
     </span>
     <span class='ocr_line' id='line_1_28' title="bbox 209 2185 1609 2243; baseline 0.001 -17"><span class='ocrx_word' id='word_1_218' title='bbox 209 2185 313 2227; x_wconf 82' lang='lat' dir='ltr'>biles</span> <span class='ocrx_word' id='word_1_219' title='bbox 343 2186 434 2227; x_wconf 82' lang='lat' dir='ltr'>aliae</span> <span class='ocrx_word' id='word_1_220' title='bbox 466 2192 565 2228; x_wconf 89' lang='lat' dir='ltr'>sunt</span> <span class='ocrx_word' id='word_1_221' title='bbox 597 2188 709 2242; x_wconf 84' lang='lat' dir='ltr'>apud</span> <span class='ocrx_word' id='word_1_222' title='bbox 740 2188 963 2229; x_wconf 79' lang='lat' dir='ltr'>Platonem</span> <span class='ocrx_word' id='word_1_223' title='bbox 995 2188 1214 2243; x_wconf 74' lang='lat' dir='ltr'>scripturae</span> <span class='ocrx_word' id='word_1_224' title='bbox 1247 2187 1526 2236; x_wconf 82' lang='lat' dir='ltr'>diversitates,</span> <span class='ocrx_word' id='word_1_225' title='bbox 1554 2187 1609 2228; x_wconf 85' lang='lat' dir='ltr'>ad</span> 
     </span>
     <span class='ocr_line' id='line_1_29' title="bbox 210 2254 1609 2310; baseline 0.001 -17"><span class='ocrx_word' id='word_1_226' title='bbox 210 2268 315 2307; x_wconf 82' lang='lat' dir='ltr'>quas</span> <span class='ocrx_word' id='word_1_227' title='bbox 341 2254 431 2308; x_wconf 89' lang='lat' dir='ltr'>jam</span> <span class='ocrx_word' id='word_1_228' title='bbox 453 2260 614 2296; x_wconf 80' lang='lat' dir='ltr'>veteres</span> <span class='ocrx_word' id='word_1_229' title='bbox 644 2255 944 2310; x_wconf 82' lang='lat' dir='ltr'>grammaticos</span> <span class='ocrx_word' id='word_1_230' title='bbox 975 2255 1209 2297; x_wconf 84' lang='lat' dir='ltr'>attendisse</span> <span class='ocrx_word' id='word_1_231' title='bbox 1240 2254 1393 2295; x_wconf 83' lang='lat' dir='ltr'>indicio</span> <span class='ocrx_word' id='word_1_232' title='bbox 1421 2258 1485 2295; x_wconf 89' lang='lat' dir='ltr'>est</span> <span class='ocrx_word' id='word_1_233' title='bbox 1507 2254 1609 2294; x_wconf 88' lang='lat' dir='ltr'>Am-</span> 
     </span>
     <span class='ocr_line' id='line_1_30' title="bbox 209 2321 1608 2379; baseline 0.001 -19"><span class='ocrx_word' id='word_1_234' title='bbox 209 2321 336 2361; x_wconf 87' lang='lat' dir='ltr'>monii</span> <span class='ocrx_word' id='word_1_235' title='bbox 368 2322 629 2364; x_wconf 83' lang='lat' dir='ltr'>Aristarchei</span> <span class='ocrx_word' id='word_1_236' title='bbox 660 2323 711 2364; x_wconf 87' lang='lat' dir='ltr'>de</span> <span class='ocrx_word' id='word_1_237' title='bbox 742 2324 821 2365; x_wconf 90' lang='lat' dir='ltr'>hoc</span> <span class='ocrx_word' id='word_1_238' title='bbox 852 2329 1102 2379; x_wconf 85' lang='lat' dir='ltr'>argumento</span> <span class='ocrx_word' id='word_1_239' title='bbox 1129 2322 1234 2363; x_wconf 92' lang='lat' dir='ltr'>liber</span> <span class='ocrx_word' id='word_1_240' title='bbox 1264 2326 1520 2363; x_wconf 87' lang='lat' dir='ltr'>memoratus</span> <span class='ocrx_word' id='word_1_241' title='bbox 1553 2322 1608 2362; x_wconf 84' lang='lat' dir='ltr'>ab</span> 
     </span>
     <span class='ocr_line' id='line_1_31' title="bbox 209 2388 1607 2446; baseline 0.001 -18"><span class='ocrx_word' id='word_1_242' title='bbox 209 2388 336 2429; x_wconf 87' lang='lat' dir='ltr'>schol.</span> <span class='ocrx_word' id='word_1_243' title='bbox 361 2389 505 2430; x_wconf 83' lang='lat' dir='ltr'>Iliadis</span> <span class='ocrx_word' id='word_1_244' title='bbox 527 2405 565 2444; x_wconf 81' lang='lat'>9,</span> <span class='ocrx_word' id='word_1_245' title='bbox 587 2404 685 2445; x_wconf 83' lang='lat'><strong>540.</strong></span> <span class='ocrx_word' id='word_1_246' title='bbox 709 2392 918 2443; x_wconf 81' lang='grc' dir='ltr'>ἕρδεσκεν;</span> <span class='ocrx_word' id='word_1_247' title='bbox 952 2392 1171 2442; x_wconf 83' lang='grc' dir='ltr'>Ἀμμώνιος</span> <span class='ocrx_word' id='word_1_248' title='bbox 1197 2392 1241 2430; x_wconf 82' lang='grc' dir='ltr'>ἐν</span> <span class='ocrx_word' id='word_1_249' title='bbox 1262 2391 1422 2446; x_wconf 58' lang='grc' dir='ltr'>’τῷ-περὶ</span> <span class='ocrx_word' id='word_1_250' title='bbox 1443 2393 1518 2430; x_wconf 87' lang='grc' dir='ltr'>τῶν</span> <span class='ocrx_word' id='word_1_251' title='bbox 1533 2389 1607 2430; x_wconf 85' lang='grc' dir='ltr'>ὑπὸ</span> 
     </span>
     <span class='ocr_line' id='line_1_32' title="bbox 210 2455 1607 2512; baseline 0.002 -18"><span class='ocrx_word' id='word_1_252' title='bbox 210 2455 428 2499; x_wconf 81' lang='grc' dir='ltr'>Πλάτωνος</span> <span class='ocrx_word' id='word_1_253' title='bbox 463 2459 804 2511; x_wconf 81' lang='grc' dir='ltr'>μετενηνεγμέυων</span> <span class='ocrx_word' id='word_1_254' title='bbox 837 2461 879 2510; x_wconf 79' lang='grc' dir='ltr'>ἐξ</span> <span class='ocrx_word' id='word_1_255' title='bbox 907 2459 1081 2512; x_wconf 65' lang='grc' dir='ltr'>“Ομήρου</span> <span class='ocrx_word' id='word_1_256' title='bbox 1117 2461 1179 2500; x_wconf 79' lang='grc' dir='ltr'>διὰ</span> <span class='ocrx_word' id='word_1_257' title='bbox 1215 2461 1283 2499; x_wconf 77' lang='grc' dir='ltr'>τοῦ</span> <span class='ocrx_word' id='word_1_258' title='bbox 1316 2455 1342 2504; x_wconf 75' lang='grc' dir='ltr'><em>ζ</em></span> <span class='ocrx_word' id='word_1_259' title='bbox 1368 2456 1607 2510; x_wconf 81' lang='grc' dir='ltr'>προφέρεται</span> 
     </span>
     <span class='ocr_line' id='line_1_33' title="bbox 209 2522 1607 2580; baseline 0.001 -18"><span class='ocrx_word' id='word_1_260' title='bbox 209 2522 348 2573; x_wconf 75' lang='grc' dir='ltr'>ἔρεξεν.</span> <span class='ocrx_word' id='word_1_261' title='bbox 392 2530 433 2564; x_wconf 88' lang='lat' dir='ltr'>et</span> <span class='ocrx_word' id='word_1_262' title='bbox 457 2525 525 2578; x_wconf 90' lang='lat' dir='ltr'>qui</span> <span class='ocrx_word' id='word_1_263' title='bbox 558 2525 703 2566; x_wconf 88' lang='lat' dir='ltr'>similis</span> <span class='ocrx_word' id='word_1_264' title='bbox 734 2526 770 2566; x_wconf 93' lang='lat' dir='ltr'>ei</span> <span class='ocrx_word' id='word_1_265' title='bbox 800 2527 926 2567; x_wconf 85' lang='lat' dir='ltr'>fuisse</span> <span class='ocrx_word' id='word_1_266' title='bbox 948 2526 1114 2567; x_wconf 77' lang='lat' dir='ltr'>videtur</span> <span class='ocrx_word' id='word_1_267' title='bbox 1137 2524 1373 2580; x_wconf 84' lang='lat' dir='ltr'>Tryphonis</span> <span class='ocrx_word' id='word_1_268' title='bbox 1395 2524 1499 2565; x_wconf 86' lang='lat' dir='ltr'>liber</span> <span class='ocrx_word' id='word_1_269' title='bbox 1519 2524 1607 2576; x_wconf 90' lang='grc' dir='ltr'>περὶ</span> 
     </span>
     <span class='ocr_line' id='line_1_34' title="bbox 209 2591 1604 2646; baseline 0.001 -14"><span class='ocrx_word' id='word_1_270' title='bbox 209 2593 275 2639; x_wconf 78' lang='grc' dir='ltr'>τῆς·</span> <span class='ocrx_word' id='word_1_271' title='bbox 295 2591 460 2644; x_wconf 79' lang='grc' dir='ltr'>ἀρχαίας</span> <span class='ocrx_word' id='word_1_272' title='bbox 482 2594 743 2645; x_wconf 82' lang='grc' dir='ltr'>ἀναγνώσεως</span> <span class='ocrx_word' id='word_1_273' title='bbox 767 2599 1025 2635; x_wconf 85' lang='lat' dir='ltr'>memoratus</span> <span class='ocrx_word' id='word_1_274' title='bbox 1047 2594 1089 2634; x_wconf 90' lang='lat' dir='ltr'>in</span> <span class='ocrx_word' id='word_1_275' title='bbox 1112 2592 1280 2634; x_wconf 86' lang='lat' dir='ltr'>scholiis</span> <span class='ocrx_word' id='word_1_276' title='bbox 1304 2591 1428 2633; x_wconf 84' lang='lat' dir='ltr'>Iliad.</span> <span class='ocrx_word' id='word_1_277' title='bbox 1451 2605 1490 2646; x_wconf 80' lang='lat'>3,</span> <span class='ocrx_word' id='word_1_278' title='bbox 1515 2603 1604 2633; x_wconf 81' lang='lat'>122.</span> 
     </span>
     <span class='ocr_line' id='line_1_35' title="bbox 209 2659 1606 2714; baseline 0.001 -17"><span class='ocrx_word' id='word_1_279' title='bbox 209 2671 250 2710; x_wconf 84' lang='lat'>5,</span> <span class='ocrx_word' id='word_1_280' title='bbox 276 2670 370 2712; x_wconf 87' lang='lat'>299.</span> <span class='ocrx_word' id='word_1_281' title='bbox 395 2659 435 2698; x_wconf 92' lang='lat' dir='ltr'>in</span> <span class='ocrx_word' id='word_1_282' title='bbox 457 2675 539 2714; x_wconf 88' lang='lat' dir='ltr'>quo</span> <span class='ocrx_word' id='word_1_283' title='bbox 568 2675 649 2701; x_wconf 89' lang='lat' dir='ltr'>non</span> <span class='ocrx_word' id='word_1_284' title='bbox 682 2662 808 2702; x_wconf 88' lang='lat' dir='ltr'>solius</span> <span class='ocrx_word' id='word_1_285' title='bbox 833 2661 1037 2709; x_wconf 75' lang='lat' dir='ltr'>Platonis,</span> <span class='ocrx_word' id='word_1_286' title='bbox 1065 2662 1135 2702; x_wconf 88' lang='lat' dir='ltr'>sed</span> <span class='ocrx_word' id='word_1_287' title='bbox 1167 2661 1352 2701; x_wconf 85' lang='lat' dir='ltr'>omnium</span> <span class='ocrx_word' id='word_1_288' title='bbox 1380 2660 1467 2701; x_wconf 87' lang='lat' dir='ltr'>fere</span> <span class='ocrx_word' id='word_1_289' title='bbox 1497 2659 1606 2700; x_wconf 85' lang='lat' dir='ltr'>anti-</span> 
     </span>
     <span class='ocr_line' id='line_1_36' title="bbox 210 2724 1604 2782; baseline 0.001 -18"><span class='ocrx_word' id='word_1_290' title='bbox 210 2724 400 2778; x_wconf 87' lang='lat' dir='ltr'>quiorum</span> <span class='ocrx_word' id='word_1_291' title='bbox 432 2727 682 2782; x_wconf 87' lang='lat' dir='ltr'>scriptorum</span> <span class='ocrx_word' id='word_1_292' title='bbox 710 2730 953 2771; x_wconf 82' lang='lat' dir='ltr'>Graecorum</span> <span class='ocrx_word' id='word_1_293' title='bbox 985 2729 1234 2770; x_wconf 88' lang='lat' dir='ltr'>Homericos</span> <span class='ocrx_word' id='word_1_294' title='bbox 1266 2729 1378 2769; x_wconf 89' lang='lat' dir='ltr'>locos</span> <span class='ocrx_word' id='word_1_295' title='bbox 1409 2740 1604 2768; x_wconf 86' lang='lat' dir='ltr'>excussos</span> 
     </span>
     <span class='ocr_line' id='line_1_37' title="bbox 210 2791 1604 2852; baseline 0.002 -21"><span class='ocrx_word' id='word_1_296' title='bbox 210 2791 521 2848; x_wconf 83' lang='lat' dir='ltr'>scripturasque</span> <span class='ocrx_word' id='word_1_297' title='bbox 546 2810 688 2836; x_wconf 90' lang='lat' dir='ltr'>eorum</span> <span class='ocrx_word' id='word_1_298' title='bbox 721 2798 968 2850; x_wconf 81' lang='lat' dir='ltr'>conjunctas</span> <span class='ocrx_word' id='word_1_299' title='bbox 999 2797 1238 2852; x_wconf 83' lang='lat' dir='ltr'>propositas</span> <span class='ocrx_word' id='word_1_300' title='bbox 1266 2796 1392 2836; x_wconf 83' lang='lat' dir='ltr'>fuisse</span> <span class='ocrx_word' id='word_1_301' title='bbox 1421 2809 1505 2835; x_wconf 92' lang='lat' dir='ltr'>non</span> <span class='ocrx_word' id='word_1_302' title='bbox 1531 2794 1604 2834; x_wconf 93' lang='lat' dir='ltr'>im-</span> 
     </span>
    </p>
   </div>
  </div>
 </body>
</html>
