1835 3256
657 242 1060 280 SUMMARIA.
1482 243 1559 278 xliii

162 349 410 397 (405—300)
429 362 437 383 :
469 347 618 383 tandem
641 347 693 382 illi
714 359 783 383 nec
805 347 961 395 dispersi
988 346 1168 382 recedunt
1195 345 1294 382 intra
1313 346 1464 381 ordines
1492 359 1555 382 na-

158 412 270 455 vium,
293 424 314 448 a
334 412 467 459 quibus
487 412 585 460 Ajax
608 411 850 447 Telamonius
881 416 993 447 conto
1023 416 1189 446 armatus
1219 411 1345 458 ignem
1378 411 1556 452 defendit.

157 489 231 524 quo
255 477 334 524 jam
358 476 506 512 Hector
534 488 667 512 navem
689 476 883 513 Protesilai
907 488 946 512 se
972 480 1191 512 exusturum
1224 475 1387 511 minatur
1409 478 1559 524 (591—

209 697 382 734 Patroclo
403 697 616 745 deprecanti
640 697 825 746 permittit
846 697 1009 733 Achilles
1030 696 1106 733 suis
1126 701 1164 733 et
1184 697 1297 733 armis
1318 702 1355 733 et
1375 699 1491 746 copiis
1511 700 1558 735 ad

155 774 323 810 pugnam
352 762 455 798 exire
476 775 520 798 ea
537 763 622 811 lege
643 768 682 798 ut
704 762 893 810 Trojanos
917 775 938 798 a
961 762 1117 798 navibus
1144 762 1330 810 depulisse
1357 770 1557 801 contentus

155 827 288 875 majori
318 839 366 863 ne
396 839 434 863 se
464 827 629 875 periculo
660 827 812 875 objiciat
844 828 1056 875 (1—100).
1117 827 1203 863 Jam
1233 827 1313 875 ipse
1343 828 1557 865 debilitatus

156 893 247 941 Ajax
278 892 428 928 obstare
458 905 534 928 non
560 892 676 928 valuit
703 892 791 940 quin
822 892 920 940 ignis
950 891 1151 928 inferretur
1178 892 1265 928 navi
1287 894 1553 942 (101—123.)

157 957 244 1001 Quo
265 957 345 993 viso
374 957 539 994 Achilles
565 957 665 993 ultro
692 957 853 993 amicum
881 956 920 992 in
947 969 1050 993 arma
1074 962 1196 1000 vocat,
1225 957 1376 994 ordines
1404 971 1557 995 suorum

156 1023 319 1066 instruit,
355 1023 567 1071 alloquitur,
607 1022 785 1059 libatione
820 1028 857 1058 et
890 1022 1061 1070 precibus
1094 1022 1186 1058 fusis
1219 1023 1373 1059 dimittit
1405 1026 1558 1072 (124—

158 1088 267 1136 256).
317 1089 488 1137 Repente
507 1094 730 1135 conspectus
746 1087 1031 1136 Myrmidonum
1053 1087 1186 1123 ductor
1206 1094 1467 1124 consternatos
1487 1090 1557 1125 ho-

156 1158 231 1189 stes
251 1153 408 1189 Achillis
435 1153 557 1200 specie
582 1152 691 1194 fallit,
713 1165 846 1188 navem
868 1152 1148 1200 oppugnatione
1175 1152 1320 1194 liberat,
1342 1153 1556 1190 incendium

156 1218 357 1267 restinguit
389 1219 666 1267 (257—30k5);
702 1217 871 1265 proelium
906 1217 1027 1264 primo
1061 1217 1275 1259 committit,
1308 1219 1407 1266 apud
1441 1231 1556 1255 naves

156 1294 243 1318 mox
277 1295 378 1319 caeco
418 1294 554 1329 pavore
592 1281 780 1329 fugientes
818 1294 928 1328 supra
962 1281 1099 1316 vallum
1133 1287 1170 1317 et
1204 1294 1320 1329 usque
1354 1283 1401 1318 ad
1435 1285 1556 1332 campi

155 1353 284 1395 aperta
320 1346 510 1394 compellit
542 1346 816 1393 (306—418);
853 1345 987 1382 deinde
1021 1358 1249 1394 congressus
1283 1346 1554 1395 Sarpedonem,

153 1412 260 1449 Jovis
280 1412 410 1452 filium,
431 1410 594 1459 perimit,
613 1410 732 1446 ultore
753 1410 864 1446 caedis
884 1410 1015 1446 relicto
1033 1410 1177 1446 Glauco
1195 1412 1459 1461 (419—507).
1519 1413 1556 1449 Is

154 1489 240 1513 cum
262 1476 432 1512 Hectore
456 1482 493 1512 et
519 1476 598 1511 aliis
616 1475 866 1523 Trojanorum
894 1475 999 1523 gravi
1026 1476 1231 1512 certamine
1253 1476 1411 1513 Achivis
1439 1478 1557 1525 spolia

155 1541 439 1578 detrahentibus
468 1553 604 1588 corpus
631 1539 861 1588 Sarpedonis
891 1539 1075 1587 eripiunt3
1109 1541 1208 1588 quod
1233 1541 1340 1589 jussu
1367 1542 1473 1578 Jovis
1502 1543 1554 1578 lo-

153 1611 235 1642 tum
257 1611 483 1654 unctumque
504 1604 644 1653 Apollo
665 1610 791 1641 tuetur
815 1605 861 1641 ab
885 1605 1013 1641 amicis
1043 1605 1080 1641 in
1107 1605 1258 1654 Lyciam
1281 1607 1554 1654 deportandum

155 1671 419 1720 (508—683).
478 1670 547 1706 Illo
573 1683 698 1706 rerum
728 1682 903 1706 successu
932 1670 1039 1706 ferox
1070 1669 1269 1707 Patroclus
1295 1671 1480 1719 Trojanos
1509 1673 1556 1708 ad

153 1735 284 1772 urbem
317 1735 564 1783 persequitur,
594 1747 816 1782 murumque
847 1735 927 1782 ejus
959 1735 1116 1777 scandit,
1147 1735 1213 1771 sed
1244 1737 1290 1772 ab
1322 1737 1454 1773 eodem
1485 1738 1555 1774 deo

154 1801 366 1838 detruditur
394 1801 669 1850 (684--711);
705 1806 832 1837 tamen
865 1801 1022 1837 Hectori
1056 1813 1184 1837 rursus
1220 1802 1374 1839 irruenti
1408 1803 1557 1840 fortiter

154 1866 315 1909 obsistit,
344 1867 513 1915 aurigam
543 1867 624 1915 ejus
645 1866 871 1903 Cebrionem
902 1871 1024 1908 necat,
1056 1867 1256 1915 spoliatum
1280 1868 1441 1905 cadaver
1470 1869 1554 1905 abs-

153 1931 270 1968 trahit
289 1932 539 1980 (712—782)
557 1947 564 1974 ;
596 1931 757 1979 denique
786 1931 998 1978 complures
1018 1943 1065 1967 ex
1083 1931 1195 1967 turba
1222 1932 1411 1976 interficit,
1436 1933 1556 1969 donec

153 1995 276 2044 ipsum
298 1997 332 2032 vi
352 1996 539 2045 Apollinis
563 1996 764 2032 attonitum
783 2001 820 2031 et
839 1996 951 2031 armis
971 2001 1126 2032 exutum
1150 1997 1375 2045 Euphorbus
1400 1999 1553 2043 sauciat,

155 2059 304 2097 Hector
322 2061 539 2109 prosternit,
554 2061 616 2109 qui
636 2066 674 2097 et
689 2059 967 2096 Automedonti
986 2061 1101 2097 instat
1118 2060 1278 2098 Achillis
1297 2075 1446 2099 currum
1467 2076 1554 2111 pro-

152 2137 241 2173 pere
261 2126 308 2162 ad
328 2139 442 2162 naves
463 2126 591 2175 agenti
612 2126 878 2174 (783—-867).

791 2243 918 2279 XVII.

208 2323 346 2360 Occiso
369 2323 546 2360 Patroclo
573 2336 676 2360 arma
702 2324 964 2360 detrahentem
989 2324 1235 2373 Euphorbum
1267 2325 1444 2363 interficit
1468 2327 1554 2363 Me-

153 2388 282 2424 nelaus
305 2389 501 2438 (2—60):
535 2389 684 2426 Hector
709 2395 835 2425 autern
858 2390 1043 2437 Apollinis
1073 2391 1217 2426 monitu
1247 2391 1293 2427 ab
1322 2392 1555 2440 insequendo

154 2452 436 2488 Automedonte
456 2465 627 2489 reversus
647 2454 801 2490 exuvias
822 2453 954 2498 aufert,
972 2454 1061 2490 dum
1081 2454 1279 2490 Menelaus
1296 2456 1454 2503 Ajacem
1477 2469 1554 2492 tna-

152 2515 276 2562 jorem
297 2515 343 2551 ad
363 2516 521 2552 cadaver
539 2518 721 2553 tuendum
743 2518 918 2559 arcessit;
951 2518 1040 2566 quin
1059 2519 1151 2554 illud
1172 2532 1318 2567 quoque
1343 2521 1553 2556 mutilatum

155 2579 381 2621 abstulisset,
403 2580 473 2616 nisi
496 2581 589 2628 Ajax
609 2582 830 2618 accurrisset
847 2583 1080 2631 (ὧι-139).
1141 2583 1249 2631 Ajaci
1271 2584 1368 2620 cedit
1388 2585 1552 2627 Hectur;

156 2645 222 2681 sed
244 2645 375 2681 Glauci
396 2646 659 2695 objurgatione
681 2649 894 2684 stimulatus
914 2662 1003 2685 mox
1023 2649 1182 2685 Achillis
1203 2651 1317 2686 armis
1337 2651 1555 2699 superbiens

155 2709 252 2745 redit
278 2710 325 2745 ad
351 2723 487 2758 corpus
517 2712 762 2760 eripiendum,
787 2726 830 2749 ac
853 2713 1102 2749 fortissimum
1123 2727 1308 2762 quemque
1335 2728 1487 2752 suorum
1517 2717 1555 2752 in

155 2774 312 2810 eandem
341 2788 507 2823 pugnam
538 2777 730 2818 accendit;
763 2777 872 2813 simul
902 2791 922 2813 a
946 2778 1124 2814 Menelao
1153 2780 1349 2815 convocati
1379 2781 1555 2817 advolant

156 2839 405 2875 strenuissimi
425 2840 681 2877 Archivorum
704 2842 967 2891 (140—261).
1027 2842 1090 2879 Sic
1112 2856 1186 2879 uno
1210 2844 1245 2879 in
1273 2845 1356 2880 loco
1376 2845 1556 2881 acerrima

155 2904 394 2941 dimicatione
419 2911 501 2942 orta
525 2906 724 2943 Menelaus
752 2913 788 2943 et
816 2907 963 2944 Hector
990 2920 1074 2944 cum
1105 2909 1263 2945 catervis
1293 2915 1449 2957 uterque.
1480 2911 1554 2946 suis
