1835 3256
688 266 1070 308 PRAEFATIO.
1501 269 1571 309 xxi

178 389 205 415 a
226 388 278 414 m.
302 387 383 414 reo.
520 384 613 427 770.
637 373 712 414 αἰεὶ
733 387 826 413 cum
848 390 907 425 γρ.
934 375 1013 413 εἶεν
1034 371 1127 424 (sic)
1263 372 1356 426 776.
1380 373 1420 412 δὲ
1443 372 1572 419 στένε,

1219 448 1235 462 fl.

178 474 251 514 sed
273 488 405 529 marg.
428 488 454 515 a
473 488 528 514 m.
550 488 631 514 rec.
654 473 792 514 ἔστενε
910 473 1004 512 802.
1029 472 1352 524 συναγειρόμενοι

236 540 452 582 Sufficient
473 541 575 582 haec
597 545 645 582 ut
666 540 814 595 optimi
836 540 966 581 etiam
986 538 1081 580 libri
1103 538 1294 593 exemplo
1315 538 1576 594 intelligatur

176 609 478 650 auctoritatem
509 607 700 650 codicum
732 607 802 663 qui
833 622 942 648 nunc
975 611 1199 662 supersunt
1230 606 1342 647 nulla
1373 622 1424 648 ex
1455 613 1577 662 parte

177 677 365 718 sufficere
399 677 452 718 ad
485 675 806 718 instaurandum
837 680 1021 716 veterem
1052 675 1201 715 horum
1232 674 1465 715 carminum
1495 676 1576 715 for-

177 759 303 793 mam,
336 745 408 786 sed
441 745 573 786 multo
605 744 698 799 plus
731 743 999 785 tribuendam
1033 757 1122 783 esse
1154 741 1439 797 antiquiorum
1473 758 1577 798 quos

178 827 305 867 supra
338 812 529 854 dicebam
561 811 741 853 fontium
776 810 1139 867 pervestigationi,
1173 810 1399 864 plurimum
1434 816 1577 853 autem

177 895 284 935 quae
319 880 460 935 potior
489 879 702 921 codicibus
735 885 801 920 est
834 879 1005 924 rationi,
1028 893 1111 934 qua
1148 892 1230 918 non
1263 878 1396 918 solum
1428 885 1578 921 contra

176 947 383 996 librarios,
406 948 479 988 sed
508 947 635 988 etiam
666 952 815 988 contra
845 945 1147 1001 grammaticos
1171 950 1334 986 veteres
1365 961 1448 986 non
1479 962 1576 988 raro

176 1016 380 1057 utendum
411 1020 476 1057 est
505 1030 632 1070 quum
664 1015 706 1055 in
737 1015 986 1056 lectionibus
1012 1014 1253 1068 judicandis
1277 1019 1367 1055 tum
1390 1030 1578 1069 praeser-

176 1083 255 1125 tim
285 1084 328 1124 in
358 1084 408 1124 iis
438 1085 564 1125 rebus
587 1098 694 1138 quae
719 1083 773 1124 ad
803 1083 1032 1124 dialectum
1053 1087 1096 1123 et
1118 1082 1461 1137 orthographiam
1483 1098 1575 1138 per-

176 1151 326 1201 tinent,
349 1152 389 1192 in
413 1166 495 1206 quo
514 1166 666 1207 genere
692 1151 826 1192 multa
847 1150 1076 1192 etiamnum
1097 1150 1290 1191 feruntur
1311 1151 1373 1191 vel
1394 1151 1448 1192 ab
1469 1152 1577 1192 anti-

178 1235 356 1275 quorum
378 1225 615 1275 temporum
636 1219 818 1260 librariis
846 1219 964 1259 illata
985 1219 1050 1259 vel
1071 1233 1096 1259 a
1116 1218 1406 1273 grammaticis
1427 1233 1577 1273 parum

176 1288 407 1343 prudenter
446 1287 701 1343 excogitata,
743 1287 853 1341 quod
899 1286 1099 1341 exemplis
1146 1285 1309 1340 aliquot
1356 1285 1576 1327 ostendere

176 1356 325 1412 placet.

860 1428 893 1469 Ι.

236 1513 285 1554 Il.
312 1526 347 1564 Ι,
370 1524 462 1566 147.
501 1512 588 1565 ὄφρ’
626 1513 718 1564 ἡμῖν
755 1512 944 1565 ἑκάεργον
981 1511 1186 1565 ἱλάσσεαι]
1232 1511 1324 1562 ἥμιν
1358 1510 1401 1550 in
1437 1510 1576 1552 codice

178 1581 347 1622 Veneto
368 1581 571 1636 scriptum
592 1595 683 1621 esse
704 1595 831 1635 supra
852 1580 1055 1628 dicebam,
1079 1578 1148 1633 qui
1171 1578 1300 1619 etiam
1323 1578 1423 1619 alibi
1449 1578 1578 1619 inter-

177 1650 277 1690 dum
297 1650 388 1700 ἥμιν
407 1651 497 1699 ὕμιν
517 1648 580 1689 vel
601 1648 692 1700 ἧμιν
712 1649 802 1699 ὗμιν
823 1648 988 1702 praebet
1015 1662 1068 1688 ex
1094 1653 1307 1702 praecepto
1330 1647 1578 1702 grammati-

177 1732 321 1758 corum
343 1717 455 1771 quod
475 1717 529 1758 ab
551 1716 779 1758 scholiasta
798 1716 853 1757 ad
874 1716 983 1756 hunc
1007 1715 1145 1755 locum
1175 1715 1350 1769 aliisque
1369 1730 1577 1770 gramma-

177 1785 272 1827 ticis
293 1785 526 1840 expositum
550 1790 625 1826 est.
688 1785 807 1826 Duas
835 1784 945 1825 enim
972 1784 1256 1824 distinxerunt
1283 1784 1450 1834 formas,
1474 1784 1578 1825 alte-

177 1869 268 1895 ram
298 1853 626 1905 ὀρθοτονουμένην
651 1853 744 1904 ἡμῖν
767 1854 870 1904 ὑμῖν,
893 1852 1071 1893 alteram
1102 1851 1336 1892 encliticam
1363 1852 1454 1903 ἥμιν
1474 1854 1574 1902 ὕμιν,

176 1921 240 1962 vel
261 1921 332 1962 ubi
353 1921 527 1962 trochaei
555 1935 752 1962 mensura
781 1921 919 1961 locum
949 1920 1126 1961 haberet
1146 1920 1239 1971 ἧμιν
1259 1920 1361 1971 ὗμιν,
1384 1921 1577 1961 eandem-

177 2003 257 2044 que
293 1988 501 2030 rationem
535 1988 720 2043 genitivo
757 1993 800 2028 et
835 1987 1079 2028 accusativo
1119 1987 1414 2036 adhibuerunt,
1451 1988 1577 2028 modo

176 2056 306 2108 ἡμέων
326 2056 464 2107 ὑμέων,
487 2056 605 2107 ἡμέας
634 2056 770 2107 ὑμέας,
797 2055 922 2095 modo
953 2055 1082 2106 ἥμεων
1103 2056 1246 2105 ὕμεων,
1267 2055 1366 2106 ἥμας
1397 2057 1492 2106 ὕμας
1512 2055 1577 2096 vel

176 2125 276 2176 ἧμας
295 2125 394 2175 ῧμας
415 2123 659 2172 scribendis,
682 2138 759 2178 ego
779 2137 878 2164 vero
899 2123 1058 2177 rejecta
1084 2122 1197 2163 inani
1229 2122 1464 2164 subtilitate
1485 2122 1575 2164 ubi-

178 2206 258 2248 que
278 2193 434 2233 formas
456 2191 800 2244 ὁρθοτονουμένας,
819 2196 862 2232 et
883 2191 925 2231 in
946 2190 1089 2231 dativo
1113 2190 1280 2245 quidem
1301 2191 1392 2241 ἡμῖν
1408 2193 1497 2242 ὑμῖν
1513 2191 1576 2232 vel

177 2259 249 2300 ubi
281 2260 467 2301 trochaeo
498 2274 603 2314 opus
638 2263 749 2300 esset
779 2260 869 2310 ἡμίν
895 2259 998 2309 ὑμίν,
1026 2258 1218 2299 restitui:
1251 2258 1304 2298 de
1334 2273 1416 2312 quo
1448 2274 1576 2313 quum

177 2341 310 2383 nuper
339 2328 422 2369 alio
452 2328 542 2369 loco
573 2326 820 2382 explicat-ius
852 2326 1039 2374 dixerim,
1062 2326 1129 2367 hic
1158 2326 1262 2367 satis
1290 2326 1371 2367 erit
1392 2327 1577 2368 breviter

177 2395 421 2450 repetivisse
447 2395 596 2450 quibus
617 2395 766 2435 horum
786 2395 1078 2449 pronominum
1103 2394 1250 2435 formis
1278 2409 1441 2450 quaque
1463 2411 1576 2437 men-

178 2478 276 2504 sura
296 2468 433 2518 poetae
455 2463 559 2518 epici
575 2468 737 2504 veteres
757 2463 821 2503 usi
843 2462 939 2504 sint.

241 2545 274 2572 1.
310 2531 606 2572 Nominativus
645 2536 891 2572 constanter
930 2536 996 2572 est
1034 2532 1145 2582 ἡμεῖς
1179 2532 1299 2581 ὑμεῖς,
1337 2545 1421 2572 non
1460 2532 1576 2583 ἡμέες

177 2599 304 2650 ὑμέες,
327 2599 439 2653 quod
468 2599 523 2640 ab
553 2599 718 2640 nemine
742 2604 898 2654 praeter
929 2599 1206 2640 Parthenium
1227 2598 1290 2649 (in
1318 2598 1500 2640 carmine
1527 2605 1576 2641 ut

178 2667 344 2708 videtur
365 2667 477 2722 quod
501 2681 553 2708 ex
581 2666 698 2722 puris
725 2666 917 2721 dactylis,
941 2666 1110 2707 excluso
1141 2667 1340 2721 spondeO,
1372 2667 1574 2721 composi-

178 2738 270 2774 tum
305 2733 403 2786 fuit)
439 2733 598 2774 dictum
633 2749 723 2775 esse
755 2733 976 2775 annotavit
1011 2733 1258 2788 Apollonius
1292 2733 1497 2788 Dyscolus
1531 2733 1575 2774 in

178 2801 284 2842 libro
320 2801 372 2842 de
404 2801 649 2856 pronomine
680 2817 719 2857 p.
737 2803 851 2856 378.,
885 2801 1044 2843 librarii
1065 2816 1163 2842 vero
1195 2816 1305 2857 saepe
1340 2802 1575 2843 intulerunt

182 2869 416 2920 Herodoto,
438 2871 490 2911 de
511 2885 593 2924 quo
615 2870 700 2911 dixi
729 2870 770 2910 in
799 2870 1153 2912 commentatione
1175 2871 1226 2911 de
1247 2870 1429 2912 dialecto
1450 2870 1573 2923 hujus
