<?xml version="1.0" encoding="UTF-8"?>
<!DOCTYPE html PUBLIC "-//W3C//DTD XHTML 1.0 Transitional//EN"
    "http://www.w3.org/TR/xhtml1/DTD/xhtml1-transitional.dtd">
<html xmlns="http://www.w3.org/1999/xhtml" xml:lang="en" lang="en">
 <head>
  <title>
</title>
<meta http-equiv="Content-Type" content="text/html;charset=utf-8" />
  <meta name='ocr-system' content='tesseract 3.04.00' />
  <meta name='ocr-capabilities' content='ocr_page ocr_carea ocr_par ocr_line ocrx_word'/>
</head>
<body>
  <div class='ocr_page' id='page_1' title='image "./iliasexrecogniti00homeuoft_0012.png"; bbox 0 0 1835 3256; ppageno 0'>
   <div class='ocr_carea' id='block_1_1' title="bbox 218 185 1106 229">
    <p class='ocr_par' dir='ltr' id='par_1_1' title="bbox 218 185 1106 229">
     <span class='ocr_line' id='line_1_1' title="bbox 218 185 1106 229; baseline 0.005 -4"><span class='ocrx_word' id='word_1_1' title='bbox 218 185 283 225; x_wconf 68' lang='lat' dir='ltr'>viii</span> <span class='ocrx_word' id='word_1_2' title='bbox 731 186 1106 229; x_wconf 45' lang='lat'>1‘1111131021&#39;1510.</span> 
     </span>
    </p>
   </div>
   <div class='ocr_carea' id='block_1_2' title="bbox 215 293 1611 485">
    <p class='ocr_par' dir='ltr' id='par_1_2' title="bbox 215 293 1611 485">
     <span class='ocr_line' id='line_1_2' title="bbox 215 293 1610 348; baseline 0.003 -16"><span class='ocrx_word' id='word_1_3' title='bbox 215 297 406 333; x_wconf 77' lang='lat' dir='ltr'>accentu.</span> <span class='ocrx_word' id='word_1_4' title='bbox 593 305 650 346; x_wconf 69' lang='lat'>13-</span> <span class='ocrx_word' id='word_1_5' title='bbox 676 301 810 344; x_wconf 82' lang='grc' dir='ltr'>φερων</span> <span class='ocrx_word' id='word_1_6' title='bbox 831 293 884 348; x_wconf 76' lang='grc' dir='ltr'>τ’]</span> <span class='ocrx_word' id='word_1_7' title='bbox 914 293 1072 346; x_wconf 79' lang='grc' dir='ltr'>φέροντ’</span> <span class='ocrx_word' id='word_1_8' title='bbox 1092 293 1158 334; x_wconf 74' lang='lat' dir='ltr'>hio</span> <span class='ocrx_word' id='word_1_9' title='bbox 1180 298 1224 335; x_wconf 82' lang='lat' dir='ltr'>et</span> <span class='ocrx_word' id='word_1_10' title='bbox 1242 309 1276 334; x_wconf 93' lang='lat' dir='ltr'>v.</span> <span class='ocrx_word' id='word_1_11' title='bbox 1299 304 1396 348; x_wconf 84' lang='lat'>371.</span> <span class='ocrx_word' id='word_1_12' title='bbox 1420 293 1489 335; x_wconf 85' lang='lat' dir='ltr'>ubi</span> <span class='ocrx_word' id='word_1_13' title='bbox 1522 295 1610 336; x_wconf 81' lang='lat' dir='ltr'>hoec</span> 
     </span>
     <span class='ocr_line' id='line_1_3' title="bbox 215 359 1607 416; baseline 0.003 -17"><span class='ocrx_word' id='word_1_14' title='bbox 215 359 342 400; x_wconf 68' lang='lat' dir='ltr'>verbu</span> <span class='ocrx_word' id='word_1_15' title='bbox 363 363 624 413; x_wconf 75' lang='lat' dir='ltr'>repetuntur.</span> <span class='ocrx_word' id='word_1_16' title='bbox 745 373 806 415; x_wconf 86' lang='grc'>15.</span> <span class='ocrx_word' id='word_1_17' title='bbox 825 361 900 401; x_wconf 82' lang='grc' dir='ltr'>ἀνα</span> <span class='ocrx_word' id='word_1_18' title='bbox 922 360 1125 416; x_wconf 82' lang='grc' dir='ltr'>σκηπτρῳ]</span> <span class='ocrx_word' id='word_1_19' title='bbox 1149 360 1423 414; x_wconf 82' lang='grc' dir='ltr'>ἀνασκήπτρωι</span> <span class='ocrx_word' id='word_1_20' title='bbox 1542 366 1607 404; x_wconf 88' lang='grc'>16.</span> 
     </span>
     <span class='ocr_line' id='line_1_4' title="bbox 215 427 1611 485; baseline 0.003 -17"><span class='ocrx_word' id='word_1_21' title='bbox 215 427 510 483; x_wconf 67' lang='grc' dir='ltr'>ΙιιῒυιῬιιηυῒὶο</span> <span class='ocrx_word' id='word_1_22' title='bbox 533 443 657 482; x_wconf 77' lang='lat' dir='ltr'>quam</span> <span class='ocrx_word' id='word_1_23' title='bbox 675 428 932 470; x_wconf 75' lang='lat' dir='ltr'>Villoisonns</span> <span class='ocrx_word' id='word_1_24' title='bbox 963 428 1071 470; x_wconf 75' lang='lat' dir='ltr'>malo</span> <span class='ocrx_word' id='word_1_25' title='bbox 1102 434 1202 471; x_wconf 75' lang='lat' dir='ltr'>ante</span> <span class='ocrx_word' id='word_1_26' title='bbox 1228 431 1302 471; x_wconf 87' lang='grc' dir='ltr'>δύω</span> <span class='ocrx_word' id='word_1_27' title='bbox 1328 429 1468 485; x_wconf 72' lang='lat' dir='ltr'>posuit</span> <span class='ocrx_word' id='word_1_28' title='bbox 1499 431 1611 473; x_wconf 79' lang='lat' dir='ltr'>nullu.</span> 
     </span>
    </p>
   </div>
   <div class='ocr_carea' id='block_1_3' title="bbox 205 507 1609 1168">
    <p class='ocr_par' dir='ltr' id='par_1_3' title="bbox 205 507 1609 1127">
     <span class='ocr_line' id='line_1_5' title="bbox 213 507 1609 585; baseline 0.002 -15"><span class='ocrx_word' id='word_1_29' title='bbox 213 535 279 570; x_wconf 74' lang='lat' dir='ltr'>ost</span> <span class='ocrx_word' id='word_1_30' title='bbox 302 528 340 568; x_wconf 88' lang='lat' dir='ltr'>in</span> <span class='ocrx_word' id='word_1_31' title='bbox 364 529 518 569; x_wconf 72' lang='lat' dir='ltr'>codiee.</span> <span class='ocrx_word' id='word_1_32' title='bbox 671 533 735 569; x_wconf 78' lang='grc'>26.</span> <span class='ocrx_word' id='word_1_33' title='bbox 760 529 961 585; x_wconf 81' lang='grc' dir='ltr'>κοιλῃσιν]</span> <span class='ocrx_word' id='word_1_34' title='bbox 987 507 1165 580; x_wconf 49' lang='grc' dir='ltr'>κοίλτιγσιν</span> <span class='ocrx_word' id='word_1_35' title='bbox 1281 533 1349 582; x_wconf 87' lang='grc'>46.</span> <span class='ocrx_word' id='word_1_36' title='bbox 1373 530 1402 572; x_wconf 72' lang='grc' dir='ltr'>δ’</span> <span class='ocrx_word' id='word_1_37' title='bbox 1422 532 1487 585; x_wconf 83' lang='grc' dir='ltr'>ἀρ]</span> <span class='ocrx_word' id='word_1_38' title='bbox 1516 531 1546 572; x_wconf 83' lang='grc' dir='ltr'>δ’</span> <span class='ocrx_word' id='word_1_39' title='bbox 1562 532 1609 584; x_wconf 80' lang='grc' dir='ltr'>ἂρ</span> 
     </span>
     <span class='ocr_line' id='line_1_6' title="bbox 211 597 1607 650; baseline 0.001 -11"><span class='ocrx_word' id='word_1_40' title='bbox 211 603 254 638; x_wconf 77' lang='lat' dir='ltr'>ot</span> <span class='ocrx_word' id='word_1_41' title='bbox 276 597 333 637; x_wconf 69' lang='lat' dir='ltr'>sic</span> <span class='ocrx_word' id='word_1_42' title='bbox 357 597 442 637; x_wconf 75' lang='lat' dir='ltr'>foro</span> <span class='ocrx_word' id='word_1_43' title='bbox 463 602 709 638; x_wconf 69' lang='lat' dir='ltr'>oonsmntm·</span> <span class='ocrx_word' id='word_1_44' title='bbox 731 597 790 649; x_wconf 76' lang='grc' dir='ltr'>ἂρ,</span> <span class='ocrx_word' id='word_1_45' title='bbox 815 611 895 638; x_wconf 85' lang='lat' dir='ltr'>non</span> <span class='ocrx_word' id='word_1_46' title='bbox 919 597 993 650; x_wconf 83' lang='grc' dir='ltr'>ἄρ’,</span> <span class='ocrx_word' id='word_1_47' title='bbox 1017 602 1065 639; x_wconf 76' lang='lat' dir='ltr'>ut</span> <span class='ocrx_word' id='word_1_48' title='bbox 1087 613 1196 639; x_wconf 81' lang='lat' dir='ltr'>nunc</span> <span class='ocrx_word' id='word_1_49' title='bbox 1227 598 1458 646; x_wconf 67' lang='lat' dir='ltr'>scribimus,</span> <span class='ocrx_word' id='word_1_50' title='bbox 1481 599 1607 640; x_wconf 80' lang='lat' dir='ltr'>otiam</span> 
     </span>
     <span class='ocr_line' id='line_1_7' title="bbox 209 666 1607 722; baseline 0.001 -15"><span class='ocrx_word' id='word_1_51' title='bbox 209 671 309 707; x_wconf 73' lang='lat' dir='ltr'>anto</span> <span class='ocrx_word' id='word_1_52' title='bbox 332 666 510 706; x_wconf 74' lang='lat' dir='ltr'>vocales.</span> <span class='ocrx_word' id='word_1_53' title='bbox 643 678 712 720; x_wconf 82' lang='lat'>54.</span> <span class='ocrx_word' id='word_1_54' title='bbox 737 667 885 719; x_wconf 72' lang='lat' dir='ltr'>dyopryv</span> <span class='ocrx_word' id='word_1_55' title='bbox 906 666 968 721; x_wconf 84' lang='grc' dir='ltr'>δε]</span> <span class='ocrx_word' id='word_1_56' title='bbox 997 667 1146 719; x_wconf 77' lang='grc' dir='ltr'>ἀγορὴν</span> <span class='ocrx_word' id='word_1_57' title='bbox 1169 669 1223 714; x_wconf 82' lang='grc' dir='ltr'>δὲ,</span> <span class='ocrx_word' id='word_1_58' title='bbox 1243 667 1352 722; x_wconf 87' lang='lat' dir='ltr'>quod</span> <span class='ocrx_word' id='word_1_59' title='bbox 1376 667 1475 708; x_wconf 86' lang='lat' dir='ltr'>nihil</span> <span class='ocrx_word' id='word_1_60' title='bbox 1496 668 1607 708; x_wconf 74' lang='lat' dir='ltr'>aliud</span> 
     </span>
     <span class='ocr_line' id='line_1_8' title="bbox 210 733 1607 788; baseline 0.001 -13"><span class='ocrx_word' id='word_1_61' title='bbox 210 740 274 775; x_wconf 51' lang='lat' dir='ltr'>ost.</span> <span class='ocrx_word' id='word_1_62' title='bbox 297 749 421 788; x_wconf 82' lang='lat' dir='ltr'>quam</span> <span class='ocrx_word' id='word_1_63' title='bbox 445 733 649 786; x_wconf 81' lang='grc' dir='ltr'>ἀγορήνδε,</span> <span class='ocrx_word' id='word_1_64' title='bbox 672 738 719 774; x_wconf 77' lang='lat' dir='ltr'>ut</span> <span class='ocrx_word' id='word_1_65' title='bbox 741 735 943 784; x_wconf 86' lang='grc' dir='ltr'>οὕλυμπον</span> <span class='ocrx_word' id='word_1_66' title='bbox 964 736 1018 780; x_wconf 82' lang='grc' dir='ltr'>δὲ,</span> <span class='ocrx_word' id='word_1_67' title='bbox 1042 733 1122 775; x_wconf 84' lang='grc' dir='ltr'>ἅλα</span> <span class='ocrx_word' id='word_1_68' title='bbox 1143 736 1182 775; x_wconf 82' lang='grc' dir='ltr'>δὲ</span> <span class='ocrx_word' id='word_1_69' title='bbox 1206 740 1250 775; x_wconf 82' lang='lat' dir='ltr'>et</span> <span class='ocrx_word' id='word_1_70' title='bbox 1270 735 1354 777; x_wconf 80' lang='lat' dir='ltr'>alia</span> <span class='ocrx_word' id='word_1_71' title='bbox 1375 735 1514 776; x_wconf 75' lang='lat' dir='ltr'>omnin,</span> <span class='ocrx_word' id='word_1_72' title='bbox 1535 736 1607 776; x_wconf 87' lang='lat' dir='ltr'>hu-</span> 
     </span>
     <span class='ocr_line' id='line_1_9' title="bbox 205 801 1601 859; baseline 0.004 -17"><span class='ocrx_word' id='word_1_73' title='bbox 205 801 389 856; x_wconf 77' lang='lat' dir='ltr'>jusmodi</span> <span class='ocrx_word' id='word_1_74' title='bbox 412 801 575 842; x_wconf 78' lang='lat' dir='ltr'>divisim</span> <span class='ocrx_word' id='word_1_75' title='bbox 604 802 846 843; x_wconf 77' lang='lat' dir='ltr'>scribuntur</span> <span class='ocrx_word' id='word_1_76' title='bbox 868 802 909 842; x_wconf 91' lang='lat' dir='ltr'>in</span> <span class='ocrx_word' id='word_1_77' title='bbox 931 802 1082 843; x_wconf 82' lang='lat' dir='ltr'>codiee.</span> <span class='ocrx_word' id='word_1_78' title='bbox 1249 805 1316 858; x_wconf 87' lang='lat'>56.</span> <span class='ocrx_word' id='word_1_79' title='bbox 1341 803 1601 859; x_wconf 74' lang='grc' dir='ltr'>θνήσκοντας]</span> 
     </span>
     <span class='ocr_line' id='line_1_10' title="bbox 209 870 1608 927; baseline 0.002 -17"><span class='ocrx_word' id='word_1_80' title='bbox 209 870 477 921; x_wconf 72' lang='grc' dir='ltr'>θνήισκοντας.</span> <span class='ocrx_word' id='word_1_81' title='bbox 543 870 598 911; x_wconf 58' lang='lat' dir='ltr'>let</span> <span class='ocrx_word' id='word_1_82' title='bbox 620 870 678 911; x_wconf 69' lang='lat' dir='ltr'>sic</span> <span class='ocrx_word' id='word_1_83' title='bbox 706 875 952 911; x_wconf 78' lang='lat' dir='ltr'>constanter</span> <span class='ocrx_word' id='word_1_84' title='bbox 972 885 1065 911; x_wconf 75' lang='lat' dir='ltr'>cuni</span> <span class='ocrx_word' id='word_1_85' title='bbox 1093 870 1180 912; x_wconf 75' lang='lat' dir='ltr'>iota,</span> <span class='ocrx_word' id='word_1_86' title='bbox 1201 871 1429 926; x_wconf 78' lang='lat' dir='ltr'>adscripto,</span> <span class='ocrx_word' id='word_1_87' title='bbox 1452 872 1503 913; x_wconf 86' lang='grc'>(10</span> <span class='ocrx_word' id='word_1_88' title='bbox 1525 887 1608 927; x_wconf 87' lang='lat' dir='ltr'>quo</span> 
     </span>
     <span class='ocr_line' id='line_1_11' title="bbox 208 939 1607 995; baseline 0.001 -16"><span class='ocrx_word' id='word_1_89' title='bbox 208 939 333 980; x_wconf 80' lang='lat' dir='ltr'>semel</span> <span class='ocrx_word' id='word_1_90' title='bbox 356 953 582 979; x_wconf 78' lang='lat' dir='ltr'>monemus.</span> <span class='ocrx_word' id='word_1_91' title='bbox 716 942 783 994; x_wconf 79' lang='lat'>65.</span> <span class='ocrx_word' id='word_1_92' title='bbox 808 941 932 994; x_wconf 84' lang='grc' dir='ltr'>εἰταρ]</span> <span class='ocrx_word' id='word_1_93' title='bbox 958 942 994 980; x_wconf 87' lang='grc' dir='ltr'>εἴ</span> <span class='ocrx_word' id='word_1_94' title='bbox 1011 957 1080 992; x_wconf 86' lang='grc' dir='ltr'>ταρ</span> <span class='ocrx_word' id='word_1_95' title='bbox 1211 942 1277 981; x_wconf 77' lang='grc'>68.</span> <span class='ocrx_word' id='word_1_96' title='bbox 1302 940 1381 981; x_wconf 88' lang='grc' dir='ltr'>κατ’</span> <span class='ocrx_word' id='word_1_97' title='bbox 1397 939 1464 995; x_wconf 86' lang='grc' dir='ltr'>ἀρ]</span> <span class='ocrx_word' id='word_1_98' title='bbox 1489 940 1607 993; x_wconf 83' lang='grc' dir='ltr'>κατ-ἂρ</span> 
     </span>
     <span class='ocr_line' id='line_1_12' title="bbox 209 1007 1605 1062; baseline 0.001 -16"><span class='ocrx_word' id='word_1_99' title='bbox 209 1007 275 1062; x_wconf 84' lang='grc'>89.</span> <span class='ocrx_word' id='word_1_100' title='bbox 299 1007 449 1062; x_wconf 84' lang='grc' dir='ltr'>ε’ποισι]</span> <span class='ocrx_word' id='word_1_101' title='bbox 476 1008 626 1048; x_wconf 82' lang='grc' dir='ltr'>ἐποίσει</span> <span class='ocrx_word' id='word_1_102' title='bbox 766 1021 832 1062; x_wconf 85' lang='grc'>93.</span> <span class='ocrx_word' id='word_1_103' title='bbox 856 1008 994 1061; x_wconf 86' lang='grc' dir='ltr'>οὐταρ]</span> <span class='ocrx_word' id='word_1_104' title='bbox 1023 1008 1067 1047; x_wconf 78' lang='grc' dir='ltr'>οὔ</span> <span class='ocrx_word' id='word_1_105' title='bbox 1089 1009 1160 1060; x_wconf 80' lang='grc' dir='ltr'>τὰρ</span> <span class='ocrx_word' id='word_1_106' title='bbox 1182 1007 1274 1061; x_wconf 77' lang='lat' dir='ltr'>(sic)</span> <span class='ocrx_word' id='word_1_107' title='bbox 1410 1021 1499 1062; x_wconf 83' lang='lat'>105.</span> <span class='ocrx_word' id='word_1_108' title='bbox 1525 1008 1605 1049; x_wconf 84' lang='grc' dir='ltr'>κακ’</span> 
     </span>
     <span class='ocr_line' id='line_1_13' title="bbox 207 1073 1604 1127; baseline 0.003 -14"><span class='ocrx_word' id='word_1_109' title='bbox 207 1075 444 1127; x_wconf 78' lang='grc' dir='ltr'>ὀσσομενος]</span> <span class='ocrx_word' id='word_1_110' title='bbox 476 1076 779 1126; x_wconf 83' lang='grc' dir='ltr'>κακοσσόμενος,</span> <span class='ocrx_word' id='word_1_111' title='bbox 800 1090 826 1115; x_wconf 82' lang='lat' dir='ltr'>a</span> <span class='ocrx_word' id='word_1_112' title='bbox 846 1089 900 1114; x_wconf 86' lang='lat' dir='ltr'>ln.</span> <span class='ocrx_word' id='word_1_113' title='bbox 923 1089 1004 1115; x_wconf 80' lang='lat' dir='ltr'>sec.</span> <span class='ocrx_word' id='word_1_114' title='bbox 1030 1073 1122 1115; x_wconf 57' lang='lat' dir='ltr'>xdt&lt;⁰</span> <span class='ocrx_word' id='word_1_115' title='bbox 1141 1077 1361 1126; x_wconf 83' lang='grc' dir='ltr'>ὀσσόμενος</span> <span class='ocrx_word' id='word_1_116' title='bbox 1512 1078 1604 1119; x_wconf 86' lang='grc'>116.</span> 
     </span>
    </p>

    <p class='ocr_par' dir='ltr' id='par_1_4' title="bbox 1574 1152 1588 1168">
     <span class='ocr_line' id='line_1_14' title="bbox 1574 1152 1588 1168; baseline 0 0"><span class='ocrx_word' id='word_1_117' title='bbox 1574 1152 1588 1168; x_wconf 85' lang='grc'><strong>0</strong></span> 
     </span>
    </p>
   </div>
   <div class='ocr_carea' id='block_1_4' title="bbox 204 1152 1608 1435">
    <p class='ocr_par' dir='ltr' id='par_1_5' title="bbox 204 1152 1608 1435">
     <span class='ocr_line' id='line_1_15' title="bbox 207 1152 1607 1231; baseline 0.001 -16"><span class='ocrx_word' id='word_1_118' title='bbox 207 1175 277 1229; x_wconf 81' lang='grc' dir='ltr'>ὡς]</span> <span class='ocrx_word' id='word_1_119' title='bbox 306 1173 357 1218; x_wconf 79' lang='grc' dir='ltr'>ὦς</span> <span class='ocrx_word' id='word_1_120' title='bbox 536 1189 628 1231; x_wconf 82' lang='grc'>123.</span> <span class='ocrx_word' id='word_1_121' title='bbox 654 1174 750 1231; x_wconf 82' lang='grc' dir='ltr'>γαρ]</span> <span class='ocrx_word' id='word_1_122' title='bbox 779 1152 861 1228; x_wconf 63' lang='grc' dir='ltr'>τγ-άρ,</span> <span class='ocrx_word' id='word_1_123' title='bbox 884 1193 909 1228; x_wconf 81' lang='grc' dir='ltr'>γ</span> <span class='ocrx_word' id='word_1_124' title='bbox 930 1190 956 1216; x_wconf 80' lang='lat' dir='ltr'>a.</span> <span class='ocrx_word' id='word_1_125' title='bbox 985 1191 1036 1215; x_wconf 85' lang='lat' dir='ltr'>m.</span> <span class='ocrx_word' id='word_1_126' title='bbox 1060 1189 1141 1216; x_wconf 72' lang='lat' dir='ltr'>seo.</span> <span class='ocrx_word' id='word_1_127' title='bbox 1330 1188 1417 1227; x_wconf 76' lang='lat'>124.</span> <span class='ocrx_word' id='word_1_128' title='bbox 1442 1177 1519 1230; x_wconf 90' lang='grc' dir='ltr'>πω]</span> <span class='ocrx_word' id='word_1_129' title='bbox 1547 1153 1607 1217; x_wconf 61' lang='lat'>710¹}</span> 
     </span>
     <span class='ocr_line' id='line_1_16' title="bbox 213 1244 1608 1299; baseline 0 -14"><span class='ocrx_word' id='word_1_130' title='bbox 213 1257 301 1299; x_wconf 82' lang='grc'>129.</span> <span class='ocrx_word' id='word_1_131' title='bbox 326 1245 441 1299; x_wconf 84' lang='grc' dir='ltr'>δωσι]</span> <span class='ocrx_word' id='word_1_132' title='bbox 470 1248 581 1285; x_wconf 84' lang='grc' dir='ltr'>δῶισι</span> <span class='ocrx_word' id='word_1_133' title='bbox 704 1257 794 1299; x_wconf 85' lang='grc'>133.</span> <span class='ocrx_word' id='word_1_134' title='bbox 819 1245 861 1299; x_wconf 86' lang='grc' dir='ltr'>ἠ]</span> <span class='ocrx_word' id='word_1_135' title='bbox 889 1245 913 1295; x_wconf 82' lang='grc' dir='ltr'><strong><em>ἦ</em></strong></span> <span class='ocrx_word' id='word_1_136' title='bbox 1049 1254 1141 1297; x_wconf 84' lang='grc'>147.</span> <span class='ocrx_word' id='word_1_137' title='bbox 1165 1245 1257 1295; x_wconf 86' lang='grc' dir='ltr'>ἡμιν</span> <span class='ocrx_word' id='word_1_138' title='bbox 1280 1244 1488 1298; x_wconf 80' lang='grc' dir='ltr'>ἑκαεργου]</span> <span class='ocrx_word' id='word_1_139' title='bbox 1515 1245 1608 1296; x_wconf 85' lang='grc' dir='ltr'>ἥμιν</span> 
     </span>
     <span class='ocr_line' id='line_1_17' title="bbox 207 1311 1605 1367; baseline 0 -14"><span class='ocrx_word' id='word_1_140' title='bbox 207 1313 397 1365; x_wconf 81' lang='grc' dir='ltr'>ἑκάεργον</span> <span class='ocrx_word' id='word_1_141' title='bbox 535 1327 627 1366; x_wconf 79' lang='grc'>149.</span> <span class='ocrx_word' id='word_1_142' title='bbox 650 1327 746 1363; x_wconf 77' lang='grc'>414.</span> <span class='ocrx_word' id='word_1_143' title='bbox 771 1313 798 1352; x_wconf 86' lang='grc' dir='ltr'>ὠ</span> <span class='ocrx_word' id='word_1_144' title='bbox 820 1312 905 1367; x_wconf 87' lang='grc' dir='ltr'>μοι]</span> <span class='ocrx_word' id='word_1_145' title='bbox 931 1313 976 1352; x_wconf 88' lang='grc' dir='ltr'>ὤι</span> <span class='ocrx_word' id='word_1_146' title='bbox 996 1329 1062 1363; x_wconf 92' lang='grc' dir='ltr'>μοι</span> <span class='ocrx_word' id='word_1_147' title='bbox 1084 1312 1151 1353; x_wconf 79' lang='lat' dir='ltr'>hio</span> <span class='ocrx_word' id='word_1_148' title='bbox 1173 1316 1216 1353; x_wconf 74' lang='lat' dir='ltr'>et</span> <span class='ocrx_word' id='word_1_149' title='bbox 1237 1311 1336 1353; x_wconf 84' lang='lat' dir='ltr'>alibi</span> <span class='ocrx_word' id='word_1_150' title='bbox 1357 1326 1487 1367; x_wconf 82' lang='lat' dir='ltr'>propo</span> <span class='ocrx_word' id='word_1_151' title='bbox 1508 1327 1605 1354; x_wconf 84' lang='lat' dir='ltr'>con-</span> 
     </span>
     <span class='ocr_line' id='line_1_18' title="bbox 204 1378 1607 1435; baseline 0 -13"><span class='ocrx_word' id='word_1_152' title='bbox 204 1387 381 1423; x_wconf 78' lang='lat' dir='ltr'>stanter.</span> <span class='ocrx_word' id='word_1_153' title='bbox 535 1383 626 1434; x_wconf 85' lang='grc'>156.</span> <span class='ocrx_word' id='word_1_154' title='bbox 653 1381 781 1434; x_wconf 84' lang='grc' dir='ltr'>ἐπειη]</span> <span class='ocrx_word' id='word_1_155' title='bbox 813 1382 922 1430; x_wconf 87' lang='grc' dir='ltr'>ἐπειῆ</span> <span class='ocrx_word' id='word_1_156' title='bbox 1075 1381 1165 1434; x_wconf 89' lang='grc'>158.</span> <span class='ocrx_word' id='word_1_157' title='bbox 1189 1381 1297 1420; x_wconf 80' lang='grc' dir='ltr'>ἀλλα</span> <span class='ocrx_word' id='word_1_158' title='bbox 1319 1378 1402 1435; x_wconf 87' lang='grc' dir='ltr'>σοι]</span> <span class='ocrx_word' id='word_1_159' title='bbox 1427 1381 1534 1421; x_wconf 80' lang='grc' dir='ltr'>ἀλλὰ</span> <span class='ocrx_word' id='word_1_160' title='bbox 1557 1381 1607 1422; x_wconf 88' lang='grc' dir='ltr'>σὺ</span> 
     </span>
    </p>
   </div>
   <div class='ocr_carea' id='block_1_5' title="bbox 202 1479 1605 1878">
    <p class='ocr_par' dir='ltr' id='par_1_6' title="bbox 202 1479 1605 1878">
     <span class='ocr_line' id='line_1_19' title="bbox 210 1479 1605 1538; baseline -0.001 -15"><span class='ocrx_word' id='word_1_161' title='bbox 210 1484 301 1536; x_wconf 84' lang='grc'>163.</span> <span class='ocrx_word' id='word_1_162' title='bbox 328 1500 402 1534; x_wconf 89' lang='grc' dir='ltr'>μεν</span> <span class='ocrx_word' id='word_1_163' title='bbox 424 1481 509 1538; x_wconf 88' lang='grc' dir='ltr'>σοι]</span> <span class='ocrx_word' id='word_1_164' title='bbox 532 1482 603 1534; x_wconf 83' lang='grc' dir='ltr'>μέν</span> <span class='ocrx_word' id='word_1_165' title='bbox 624 1483 692 1522; x_wconf 86' lang='grc' dir='ltr'>σοι’</span> <span class='ocrx_word' id='word_1_166' title='bbox 867 1482 957 1522; x_wconf 85' lang='grc'>168.</span> <span class='ocrx_word' id='word_1_167' title='bbox 982 1483 1080 1531; x_wconf 88' lang='grc' dir='ltr'>ἐπην</span> <span class='ocrx_word' id='word_1_168' title='bbox 1103 1480 1274 1537; x_wconf 85' lang='grc' dir='ltr'>κεκαμω]</span> <span class='ocrx_word' id='word_1_169' title='bbox 1300 1481 1398 1531; x_wconf 81' lang='grc' dir='ltr'>ἐπὴν</span> <span class='ocrx_word' id='word_1_170' title='bbox 1421 1498 1475 1530; x_wconf 89' lang='grc' dir='ltr'>κε,</span> <span class='ocrx_word' id='word_1_171' title='bbox 1499 1479 1605 1532; x_wconf 84' lang='grc' dir='ltr'>κάμω</span> 
     </span>
     <span class='ocr_line' id='line_1_20' title="bbox 210 1548 1603 1604; baseline -0.001 -14"><span class='ocrx_word' id='word_1_172' title='bbox 210 1552 300 1603; x_wconf 84' lang='grc'>187.</span> <span class='ocrx_word' id='word_1_173' title='bbox 325 1550 496 1604; x_wconf 84' lang='grc' dir='ltr'>φάσθαι]</span> <span class='ocrx_word' id='word_1_174' title='bbox 525 1552 676 1602; x_wconf 83' lang='grc' dir='ltr'>φᾶσθαι</span> <span class='ocrx_word' id='word_1_175' title='bbox 706 1549 772 1590; x_wconf 82' lang='lat' dir='ltr'>hic</span> <span class='ocrx_word' id='word_1_176' title='bbox 803 1554 847 1590; x_wconf 73' lang='lat' dir='ltr'>et</span> <span class='ocrx_word' id='word_1_177' title='bbox 878 1549 988 1599; x_wconf 81' lang='lat' dir='ltr'>alibi,</span> <span class='ocrx_word' id='word_1_178' title='bbox 1013 1548 1127 1589; x_wconf 69' lang='lat' dir='ltr'>velut</span> <span class='ocrx_word' id='word_1_179' title='bbox 1149 1553 1194 1597; x_wconf 85' lang='lat' dir='ltr'>Z,</span> <span class='ocrx_word' id='word_1_180' title='bbox 1216 1562 1306 1589; x_wconf 83' lang='lat'>100.</span> <span class='ocrx_word' id='word_1_181' title='bbox 1513 1561 1603 1603; x_wconf 85' lang='lat'>193.</span> 
     </span>
     <span class='ocr_line' id='line_1_21' title="bbox 205 1615 1602 1673; baseline -0.003 -13"><span class='ocrx_word' id='word_1_182' title='bbox 205 1622 275 1662; x_wconf 77' lang='grc' dir='ltr'>ἕως</span> <span class='ocrx_word' id='word_1_183' title='bbox 317 1619 356 1672; x_wconf 85' lang='grc' dir='ltr'>ὁ]</span> <span class='ocrx_word' id='word_1_184' title='bbox 404 1618 474 1661; x_wconf 80' lang='grc' dir='ltr'>ἕως</span> <span class='ocrx_word' id='word_1_185' title='bbox 515 1618 535 1658; x_wconf 82' lang='grc' dir='ltr'>’ὀ</span> <span class='ocrx_word' id='word_1_186' title='bbox 776 1630 870 1673; x_wconf 81' lang='grc'>203.</span> <span class='ocrx_word' id='word_1_187' title='bbox 914 1617 991 1673; x_wconf 78' lang='grc' dir='ltr'>ἰδῃ]</span> <span class='ocrx_word' id='word_1_188' title='bbox 1045 1619 1118 1667; x_wconf 84' lang='grc' dir='ltr'>ῖδῆι</span> <span class='ocrx_word' id='word_1_189' title='bbox 1354 1629 1449 1667; x_wconf 94' lang='grc'>214.</span> <span class='ocrx_word' id='word_1_190' title='bbox 1491 1615 1602 1672; x_wconf 83' lang='grc' dir='ltr'>ἡμιν]</span> 
     </span>
     <span class='ocr_line' id='line_1_22' title="bbox 203 1683 1603 1739; baseline -0.003 -11"><span class='ocrx_word' id='word_1_191' title='bbox 203 1689 294 1739; x_wconf 85' lang='grc' dir='ltr'>ἡμῖν</span> <span class='ocrx_word' id='word_1_192' title='bbox 550 1687 644 1728; x_wconf 87' lang='grc'>226.</span> <span class='ocrx_word' id='word_1_193' title='bbox 668 1686 755 1726; x_wconf 82' lang='grc' dir='ltr'>οὐτε</span> <span class='ocrx_word' id='word_1_194' title='bbox 777 1685 881 1739; x_wconf 84' lang='grc' dir='ltr'>ποτ’]</span> <span class='ocrx_word' id='word_1_195' title='bbox 911 1686 1000 1725; x_wconf 85' lang='grc' dir='ltr'>οὔτέ</span> <span class='ocrx_word' id='word_1_196' title='bbox 1021 1683 1103 1725; x_wconf 86' lang='grc' dir='ltr'>ποτ’</span> <span class='ocrx_word' id='word_1_197' title='bbox 1123 1689 1166 1725; x_wconf 75' lang='lat' dir='ltr'>et</span> <span class='ocrx_word' id='word_1_198' title='bbox 1187 1683 1246 1724; x_wconf 81' lang='lat' dir='ltr'>sic</span> <span class='ocrx_word' id='word_1_199' title='bbox 1268 1688 1515 1725; x_wconf 75' lang='lat' dir='ltr'>constanter</span> <span class='ocrx_word' id='word_1_200' title='bbox 1536 1698 1603 1724; x_wconf 81' lang='lat' dir='ltr'>ac-</span> 
     </span>
     <span class='ocr_line' id='line_1_23' title="bbox 204 1751 1601 1808; baseline -0.004 -10"><span class='ocrx_word' id='word_1_201' title='bbox 204 1762 329 1798; x_wconf 78' lang='lat' dir='ltr'>centu</span> <span class='ocrx_word' id='word_1_202' title='bbox 351 1754 477 1796; x_wconf 79' lang='lat' dir='ltr'>etiam</span> <span class='ocrx_word' id='word_1_203' title='bbox 500 1754 543 1794; x_wconf 88' lang='lat' dir='ltr'>in</span> <span class='ocrx_word' id='word_1_204' title='bbox 564 1753 766 1795; x_wconf 79' lang='lat' dir='ltr'>vocabula</span> <span class='ocrx_word' id='word_1_205' title='bbox 789 1753 1016 1808; x_wconf 74' lang='lat' dir='ltr'>dissyllaba</span> <span class='ocrx_word' id='word_1_206' title='bbox 1038 1753 1208 1806; x_wconf 78' lang='lat' dir='ltr'>rejecto.</span> <span class='ocrx_word' id='word_1_207' title='bbox 1364 1764 1414 1807; x_wconf 80' lang='grc'>23</span> <span class='ocrx_word' id='word_1_208' title='bbox 1418 1765 1459 1805; x_wconf 84' lang='grc'>5.</span> <span class='ocrx_word' id='word_1_209' title='bbox 1482 1751 1601 1808; x_wconf 89' lang='grc' dir='ltr'>φυσι]</span> 
     </span>
     <span class='ocr_line' id='line_1_24' title="bbox 202 1818 1604 1878; baseline -0.004 -13"><span class='ocrx_word' id='word_1_210' title='bbox 202 1829 323 1878; x_wconf 78' lang='grc' dir='ltr'>φύσει</span> <span class='ocrx_word' id='word_1_211' title='bbox 444 1825 536 1877; x_wconf 84' lang='grc'>236.</span> <span class='ocrx_word' id='word_1_212' title='bbox 559 1820 668 1877; x_wconf 83' lang='grc' dir='ltr'>περι]</span> <span class='ocrx_word' id='word_1_213' title='bbox 693 1822 780 1873; x_wconf 89' lang='grc' dir='ltr'>περὶ</span> <span class='ocrx_word' id='word_1_214' title='bbox 900 1821 993 1876; x_wconf 88' lang='grc'>258.</span> <span class='ocrx_word' id='word_1_215' title='bbox 1017 1837 1105 1872; x_wconf 87' lang='grc' dir='ltr'>περι</span> <span class='ocrx_word' id='word_1_216' title='bbox 1129 1837 1203 1871; x_wconf 90' lang='grc' dir='ltr'>μεν</span> <span class='ocrx_word' id='word_1_217' title='bbox 1222 1818 1397 1874; x_wconf 85' lang='grc' dir='ltr'>βουλην]</span> <span class='ocrx_word' id='word_1_218' title='bbox 1422 1820 1510 1872; x_wconf 87' lang='grc' dir='ltr'>περὶ</span> <span class='ocrx_word' id='word_1_219' title='bbox 1530 1821 1604 1870; x_wconf 80' lang='grc' dir='ltr'>μὲν</span> 
     </span>
    </p>
   </div>
   <div class='ocr_carea' id='block_1_6' title="bbox 199 1902 1600 2114">
    <p class='ocr_par' dir='ltr' id='par_1_7' title="bbox 199 1902 1600 2114">
     <span class='ocr_line' id='line_1_25' title="bbox 201 1902 1600 1977; baseline -0.004 -10"><span class='ocrx_word' id='word_1_220' title='bbox 201 1902 356 1977; x_wconf 51' lang='grc' dir='ltr'>βουλῖῆιν</span> <span class='ocrx_word' id='word_1_221' title='bbox 504 1923 598 1965; x_wconf 88' lang='grc'>268.</span> <span class='ocrx_word' id='word_1_222' title='bbox 620 1921 704 1973; x_wconf 86' lang='grc' dir='ltr'>μεθ’</span> <span class='ocrx_word' id='word_1_223' title='bbox 723 1921 906 1976; x_wconf 85' lang='grc' dir='ltr'>ὁμιλεον]</span> <span class='ocrx_word' id='word_1_224' title='bbox 929 1920 1012 1973; x_wconf 68' lang='grc' dir='ltr'>μεθ’</span> <span class='ocrx_word' id='word_1_225' title='bbox 1032 1922 1195 1973; x_wconf 82' lang='grc' dir='ltr'>ὁμίλεον</span> <span class='ocrx_word' id='word_1_226' title='bbox 1343 1932 1436 1973; x_wconf 88' lang='lat'>274.</span> <span class='ocrx_word' id='word_1_227' title='bbox 1460 1919 1600 1974; x_wconf 78' lang='grc' dir='ltr'>ὔμμες]</span> 
     </span>
     <span class='ocr_line' id='line_1_26' title="bbox 201 1989 1600 2046; baseline -0.005 -11"><span class='ocrx_word' id='word_1_228' title='bbox 201 1996 321 2045; x_wconf 80' lang='grc' dir='ltr'>ὔμμες</span> <span class='ocrx_word' id='word_1_229' title='bbox 459 2002 556 2046; x_wconf 87' lang='grc'>277.</span> <span class='ocrx_word' id='word_1_230' title='bbox 579 1989 740 2042; x_wconf 81' lang='grc' dir='ltr'>Πηλειὸ’</span> <span class='ocrx_word' id='word_1_231' title='bbox 759 1989 886 2042; x_wconf 80' lang='grc' dir='ltr'>ἤθελ’]</span> <span class='ocrx_word' id='word_1_232' title='bbox 913 1989 1165 2041; x_wconf 80' lang='grc' dir='ltr'>πηλείδῆθελ’</span> <span class='ocrx_word' id='word_1_233' title='bbox 1283 2002 1379 2042; x_wconf 88' lang='grc'>301.</span> <span class='ocrx_word' id='word_1_234' title='bbox 1403 1989 1452 2028; x_wconf 86' lang='grc' dir='ltr'>ἀν</span> <span class='ocrx_word' id='word_1_235' title='bbox 1473 2005 1509 2028; x_wconf 83' lang='grc' dir='ltr'>τι</span> <span class='ocrx_word' id='word_1_236' title='bbox 1530 1994 1600 2040; x_wconf 91' lang='grc' dir='ltr'>φε-</span> 
     </span>
     <span class='ocr_line' id='line_1_27' title="bbox 199 2056 1600 2114; baseline -0.004 -13"><span class='ocrx_word' id='word_1_237' title='bbox 199 2078 281 2114; x_wconf 88' lang='grc' dir='ltr'>ροις</span> <span class='ocrx_word' id='word_1_238' title='bbox 303 2061 351 2101; x_wconf 84' lang='grc' dir='ltr'>ἀν</span> <span class='ocrx_word' id='word_1_239' title='bbox 368 2062 472 2100; x_wconf 87' lang='grc' dir='ltr'>ἑλων</span> <span class='ocrx_word' id='word_1_240' title='bbox 489 2059 692 2112; x_wconf 84' lang='grc' dir='ltr'>ἀεκοντος]</span> <span class='ocrx_word' id='word_1_241' title='bbox 714 2058 761 2098; x_wconf 83' lang='grc' dir='ltr'>ἄν</span> <span class='ocrx_word' id='word_1_242' title='bbox 777 2075 825 2106; x_wconf 86' lang='grc' dir='ltr'>τι,</span> <span class='ocrx_word' id='word_1_243' title='bbox 841 2058 990 2111; x_wconf 86' lang='grc' dir='ltr'>φέροις,</span> <span class='ocrx_word' id='word_1_244' title='bbox 1007 2057 1068 2104; x_wconf 76' lang='grc' dir='ltr'>ἂν,</span> <span class='ocrx_word' id='word_1_245' title='bbox 1087 2058 1189 2097; x_wconf 82' lang='grc' dir='ltr'>ἑλὼν</span> <span class='ocrx_word' id='word_1_246' title='bbox 1205 2056 1386 2097; x_wconf 55' lang='lat' dir='ltr'>‹ignom-os</span> <span class='ocrx_word' id='word_1_247' title='bbox 1503 2065 1600 2110; x_wconf 86' lang='grc'>315.</span> 
     </span>
    </p>
   </div>
   <div class='ocr_carea' id='block_1_7' title="bbox 200 2131 1600 2350">
    <p class='ocr_par' dir='ltr' id='par_1_8' title="bbox 200 2131 1600 2350">
     <span class='ocr_line' id='line_1_28' title="bbox 200 2131 1600 2214; baseline -0.004 -13"><span class='ocrx_word' id='word_1_248' title='bbox 200 2159 334 2214; x_wconf 77' lang='grc' dir='ltr'>ἔρδον]</span> <span class='ocrx_word' id='word_1_249' title='bbox 359 2159 471 2210; x_wconf 84' lang='grc' dir='ltr'>ἔρδον</span> <span class='ocrx_word' id='word_1_250' title='bbox 589 2170 684 2212; x_wconf 86' lang='grc'>335.</span> <span class='ocrx_word' id='word_1_251' title='bbox 707 2158 848 2214; x_wconf 85' lang='grc' dir='ltr'>ὐμμες]</span> <span class='ocrx_word' id='word_1_252' title='bbox 872 2159 992 2209; x_wconf 79' lang='grc' dir='ltr'>ὔμμες</span> <span class='ocrx_word' id='word_1_253' title='bbox 1109 2158 1207 2213; x_wconf 83' lang='grc'>336.</span> <span class='ocrx_word' id='word_1_254' title='bbox 1231 2158 1251 2196; x_wconf 90' lang='grc' dir='ltr'>ὁ</span> <span class='ocrx_word' id='word_1_255' title='bbox 1273 2154 1400 2210; x_wconf 87' lang='grc' dir='ltr'>σφωϊ]</span> <span class='ocrx_word' id='word_1_256' title='bbox 1425 2155 1458 2205; x_wconf 81' lang='grc' dir='ltr'>ὃ,</span> <span class='ocrx_word' id='word_1_257' title='bbox 1482 2131 1600 2208; x_wconf 55' lang='grc' dir='ltr'>σφῶἳῖ</span> 
     </span>
     <span class='ocr_line' id='line_1_29' title="bbox 202 2222 1594 2281; baseline -0.004 -12"><span class='ocrx_word' id='word_1_258' title='bbox 202 2247 223 2270; x_wconf 86' lang='grc' dir='ltr'>ν</span> <span class='ocrx_word' id='word_1_259' title='bbox 244 2243 270 2269; x_wconf 81' lang='lat' dir='ltr'>a</span> <span class='ocrx_word' id='word_1_260' title='bbox 295 2243 351 2267; x_wconf 86' lang='lat' dir='ltr'>m.</span> <span class='ocrx_word' id='word_1_261' title='bbox 375 2241 455 2267; x_wconf 81' lang='lat' dir='ltr'>Sec.</span> <span class='ocrx_word' id='word_1_262' title='bbox 621 2226 717 2280; x_wconf 87' lang='grc'>338.</span> <span class='ocrx_word' id='word_1_263' title='bbox 741 2243 804 2266; x_wconf 87' lang='grc' dir='ltr'>και</span> <span class='ocrx_word' id='word_1_264' title='bbox 825 2225 977 2281; x_wconf 82' lang='grc' dir='ltr'>σφωϊν]</span> <span class='ocrx_word' id='word_1_265' title='bbox 1003 2227 1067 2266; x_wconf 87' lang='grc' dir='ltr'>καί</span> <span class='ocrx_word' id='word_1_266' title='bbox 1086 2231 1217 2278; x_wconf 83' lang='grc' dir='ltr'>σφωϊν</span> <span class='ocrx_word' id='word_1_267' title='bbox 1381 2234 1476 2279; x_wconf 87' lang='grc'>350.</span> <span class='ocrx_word' id='word_1_268' title='bbox 1501 2222 1594 2278; x_wconf 84' lang='grc' dir='ltr'>θιν’]</span> 
     </span>
     <span class='ocr_line' id='line_1_30' title="bbox 201 2291 1600 2350; baseline -0.004 -13"><span class='ocrx_word' id='word_1_269' title='bbox 201 2295 271 2337; x_wconf 78' lang='grc' dir='ltr'>θῖν’</span> <span class='ocrx_word' id='word_1_270' title='bbox 289 2310 371 2350; x_wconf 89' lang='lat' dir='ltr'>quo</span> <span class='ocrx_word' id='word_1_271' title='bbox 392 2299 569 2336; x_wconf 77' lang='lat' dir='ltr'>accentu</span> <span class='ocrx_word' id='word_1_272' title='bbox 599 2293 811 2334; x_wconf 73' lang='lat' dir='ltr'>indicatur</span> <span class='ocrx_word' id='word_1_273' title='bbox 832 2293 1023 2335; x_wconf 72' lang='lat' dir='ltr'>dativum</span> <span class='ocrx_word' id='word_1_274' title='bbox 1050 2307 1142 2334; x_wconf 79' lang='lat' dir='ltr'><strong>esse</strong></span> <span class='ocrx_word' id='word_1_275' title='bbox 1171 2295 1260 2341; x_wconf 76' lang='grc' dir='ltr'>θινὶ,</span> <span class='ocrx_word' id='word_1_276' title='bbox 1282 2306 1367 2333; x_wconf 82' lang='grc'>11011</span> <span class='ocrx_word' id='word_1_277' title='bbox 1398 2291 1600 2332; x_wconf 72' lang='lat' dir='ltr'>accusati-</span> 
     </span>
    </p>
   </div>
   <div class='ocr_carea' id='block_1_8' title="bbox 199 2360 1600 2585">
    <p class='ocr_par' dir='ltr' id='par_1_9' title="bbox 199 2360 1600 2585">
     <span class='ocr_line' id='line_1_31' title="bbox 200 2360 1599 2416; baseline -0.004 -12"><span class='ocrx_word' id='word_1_278' title='bbox 200 2377 297 2404; x_wconf 88' lang='lat' dir='ltr'>vum</span> <span class='ocrx_word' id='word_1_279' title='bbox 319 2367 418 2403; x_wconf 88' lang='grc' dir='ltr'>θῖνα.</span> <span class='ocrx_word' id='word_1_280' title='bbox 581 2362 678 2416; x_wconf 89' lang='grc'>360.</span> <span class='ocrx_word' id='word_1_281' title='bbox 702 2362 1004 2416; x_wconf 83' lang='grc' dir='ltr'>δακρυχεοντος]</span> <span class='ocrx_word' id='word_1_282' title='bbox 1033 2361 1152 2412; x_wconf 84' lang='grc' dir='ltr'>δάκρυ</span> <span class='ocrx_word' id='word_1_283' title='bbox 1173 2360 1339 2414; x_wconf 85' lang='grc' dir='ltr'>χέοντος</span> <span class='ocrx_word' id='word_1_284' title='bbox 1502 2369 1599 2413; x_wconf 87' lang='grc'>370.</span> 
     </span>
     <span class='ocr_line' id='line_1_32' title="bbox 201 2431 1600 2518; baseline -0.004 -13"><span class='ocrx_word' id='word_1_285' title='bbox 201 2463 303 2518; x_wconf 68' lang='grc' dir='ltr'>αὖθ’]</span> <span class='ocrx_word' id='word_1_286' title='bbox 333 2431 434 2504; x_wconf 56' lang='grc' dir='ltr'>..ἔθ’</span> <span class='ocrx_word' id='word_1_287' title='bbox 453 2478 478 2504; x_wconf 77' lang='lat' dir='ltr'>a</span> <span class='ocrx_word' id='word_1_288' title='bbox 499 2477 553 2502; x_wconf 84' lang='lat' dir='ltr'>m.</span> <span class='ocrx_word' id='word_1_289' title='bbox 577 2476 656 2503; x_wconf 76' lang='lat' dir='ltr'>seo.</span> <span class='ocrx_word' id='word_1_290' title='bbox 795 2463 891 2517; x_wconf 72' lang='lat'>388.</span> <span class='ocrx_word' id='word_1_291' title='bbox 914 2464 934 2502; x_wconf 74' lang='grc' dir='ltr'>ὁ</span> <span class='ocrx_word' id='word_1_292' title='bbox 956 2462 1002 2512; x_wconf 74' lang='grc' dir='ltr'>δὴ</span> <span class='ocrx_word' id='word_1_293' title='bbox 1022 2460 1326 2515; x_wconf 64' lang='grc' dir='ltr'>τετελεσμένος]</span> <span class='ocrx_word' id='word_1_294' title='bbox 1356 2460 1390 2508; x_wconf 73' lang='grc' dir='ltr'>ὃ,</span> <span class='ocrx_word' id='word_1_295' title='bbox 1414 2460 1472 2510; x_wconf 75' lang='grc' dir='ltr'>δὴ,</span> <span class='ocrx_word' id='word_1_296' title='bbox 1495 2476 1600 2501; x_wconf 66' lang='grc' dir='ltr'>τετε-</span> 
     </span>
     <span class='ocr_line' id='line_1_33' title="bbox 199 2527 1600 2585; baseline -0.002 -15"><span class='ocrx_word' id='word_1_297' title='bbox 199 2530 403 2582; x_wconf 82' lang='grc' dir='ltr'>λεσμένος.</span> <span class='ocrx_word' id='word_1_298' title='bbox 522 2531 620 2585; x_wconf 84' lang='grc'>396.</span> <span class='ocrx_word' id='word_1_299' title='bbox 645 2532 704 2571; x_wconf 84' lang='grc' dir='ltr'>ἐνι</span> <span class='ocrx_word' id='word_1_300' title='bbox 724 2532 972 2583; x_wconf 82' lang='grc' dir='ltr'>μεγαροισιν]</span> <span class='ocrx_word' id='word_1_301' title='bbox 993 2529 1260 2582; x_wconf 82' lang='grc' dir='ltr'>ἐνιμεγάροισι</span> <span class='ocrx_word' id='word_1_302' title='bbox 1276 2533 1319 2568; x_wconf 77' lang='lat' dir='ltr'>et</span> <span class='ocrx_word' id='word_1_303' title='bbox 1340 2527 1478 2582; x_wconf 82' lang='lat' dir='ltr'>paullo</span> <span class='ocrx_word' id='word_1_304' title='bbox 1499 2533 1600 2568; x_wconf 83' lang='lat' dir='ltr'>ante</span> 
     </span>
    </p>
   </div>
   <div class='ocr_carea' id='block_1_9' title="bbox 201 2607 1596 2686">
    <p class='ocr_par' dir='ltr' id='par_1_10' title="bbox 201 2607 1596 2686">
     <span class='ocr_line' id='line_1_34' title="bbox 201 2607 1596 2686; baseline -0.002 -14"><span class='ocrx_word' id='word_1_305' title='bbox 201 2632 342 2682; x_wconf 79' lang='grc' dir='ltr'>συννηῒ</span> <span class='ocrx_word' id='word_1_306' title='bbox 360 2640 403 2672; x_wconf 82' lang='lat' dir='ltr'>et</span> <span class='ocrx_word' id='word_1_307' title='bbox 424 2631 506 2673; x_wconf 77' lang='lat' dir='ltr'>alia</span> <span class='ocrx_word' id='word_1_308' title='bbox 528 2631 765 2686; x_wconf 82' lang='lat' dir='ltr'>hujusmodi</span> <span class='ocrx_word' id='word_1_309' title='bbox 787 2631 897 2673; x_wconf 75' lang='lat' dir='ltr'>alibi.</span> <span class='ocrx_word' id='word_1_310' title='bbox 1028 2645 1126 2682; x_wconf 83' lang='lat'>402.</span> <span class='ocrx_word' id='word_1_311' title='bbox 1150 2630 1240 2685; x_wconf 81' lang='grc' dir='ltr'>ὦχ’]</span> <span class='ocrx_word' id='word_1_312' title='bbox 1263 2607 1328 2670; x_wconf 49' lang='lat'>(313⁹</span> <span class='ocrx_word' id='word_1_313' title='bbox 1345 2648 1372 2683; x_wconf 84' lang='grc' dir='ltr'>χ</span> <span class='ocrx_word' id='word_1_314' title='bbox 1392 2645 1418 2671; x_wconf 83' lang='lat' dir='ltr'>a</span> <span class='ocrx_word' id='word_1_315' title='bbox 1438 2643 1492 2670; x_wconf 90' lang='lat' dir='ltr'>m.</span> <span class='ocrx_word' id='word_1_316' title='bbox 1515 2643 1596 2669; x_wconf 83' lang='lat' dir='ltr'>sec.</span> 
     </span>
    </p>
   </div>
   <div class='ocr_carea' id='block_1_10' title="bbox 199 2697 1598 2887">
    <p class='ocr_par' dir='ltr' id='par_1_11' title="bbox 199 2697 1598 2887">
     <span class='ocr_line' id='line_1_35' title="bbox 199 2697 1596 2755; baseline -0.004 -15"><span class='ocrx_word' id='word_1_317' title='bbox 199 2710 298 2753; x_wconf 88' lang='lat'>407.</span> <span class='ocrx_word' id='word_1_318' title='bbox 326 2699 414 2751; x_wconf 86' lang='grc' dir='ltr'>παρ’</span> <span class='ocrx_word' id='word_1_319' title='bbox 441 2699 545 2755; x_wconf 75' lang='grc' dir='ltr'>ἕζεο]</span> <span class='ocrx_word' id='word_1_320' title='bbox 576 2700 751 2752; x_wconf 68' lang='grc' dir='ltr'>παρὲζεο,</span> <span class='ocrx_word' id='word_1_321' title='bbox 774 2705 822 2740; x_wconf 70' lang='lat' dir='ltr'>ut</span> <span class='ocrx_word' id='word_1_322' title='bbox 843 2713 941 2751; x_wconf 87' lang='lat'>421.</span> <span class='ocrx_word' id='word_1_323' title='bbox 964 2699 1064 2750; x_wconf 88' lang='grc'>488.</span> <span class='ocrx_word' id='word_1_324' title='bbox 1088 2699 1323 2750; x_wconf 81' lang='grc' dir='ltr'>παρῆμενος.</span> <span class='ocrx_word' id='word_1_325' title='bbox 1498 2697 1596 2751; x_wconf 86' lang='grc'>436.</span> 
     </span>
     <span class='ocr_line' id='line_1_36' title="bbox 201 2761 1598 2820; baseline -0.002 -16"><span class='ocrx_word' id='word_1_326' title='bbox 201 2781 298 2804; x_wconf 82' lang='grc' dir='ltr'>κατα</span> <span class='ocrx_word' id='word_1_327' title='bbox 319 2765 380 2818; x_wconf 84' lang='grc' dir='ltr'>δε]</span> <span class='ocrx_word' id='word_1_328' title='bbox 409 2767 550 2805; x_wconf 76' lang='grc' dir='ltr'>καταὸὲ</span> <span class='ocrx_word' id='word_1_329' title='bbox 707 2779 805 2820; x_wconf 85' lang='lat'>459.</span> <span class='ocrx_word' id='word_1_330' title='bbox 828 2766 1040 2817; x_wconf 80' lang='grc' dir='ltr'>αὐερυσαν]</span> <span class='ocrx_word' id='word_1_331' title='bbox 1067 2764 1276 2816; x_wconf 58' lang='grc' dir='ltr'>αῄέρυσαν,</span> <span class='ocrx_word' id='word_1_332' title='bbox 1300 2762 1413 2816; x_wconf 89' lang='lat' dir='ltr'>quod</span> <span class='ocrx_word' id='word_1_333' title='bbox 1433 2761 1598 2816; x_wconf 77' lang='lat' dir='ltr'>Signum</span> 
     </span>
     <span class='ocr_line' id='line_1_37' title="bbox 204 2828 1592 2887; baseline -0.002 -16"><span class='ocrx_word' id='word_1_334' title='bbox 204 2831 335 2885; x_wconf 84' lang='grc' dir='ltr'>(ὑφέν)</span> <span class='ocrx_word' id='word_1_335' title='bbox 356 2832 487 2872; x_wconf 83' lang='lat' dir='ltr'>codex</span> <span class='ocrx_word' id='word_1_336' title='bbox 508 2832 738 2886; x_wconf 65' lang='lat' dir='ltr'>saepissime</span> <span class='ocrx_word' id='word_1_337' title='bbox 768 2832 888 2873; x_wconf 83' lang='lat' dir='ltr'>addit.</span> <span class='ocrx_word' id='word_1_338' title='bbox 909 2831 1163 2887; x_wconf 73' lang='lat' dir='ltr'>compositis,</span> <span class='ocrx_word' id='word_1_339' title='bbox 1323 2831 1378 2882; x_wconf 79' lang='lat'>46</span> <span class='ocrx_word' id='word_1_340' title='bbox 1381 2839 1420 2884; x_wconf 88' lang='lat'>5.</span> <span class='ocrx_word' id='word_1_341' title='bbox 1443 2828 1592 2881; x_wconf 84' lang='grc' dir='ltr'>τᾶλλα]</span> 
     </span>
    </p>
   </div>
  </div>
 </body>
</html>
