1835 3256
267 246 346 271 xxx
781 234 922 274 vim-1
941 235 1151 275 FA'Pw.

265 356 346 394 «μιν
370 355 444 393 pro
465 340 643 390 βιβάντα
665 341 718 381 ul)
747 341 927 381 librariis
956 342 1130 382 illatum.
1199 342 1424 382 l‘rwseutis
1449 348 1492 383 ct
1516 342 1663 396 impor-

266 408 361 449 focti
405 411 506 461 βιβᾷ
548 413 592 448 ct
635 409 844 458 ἐβίβαιτκε,
887 425 1065 463 quorum
1118 414 1310 450 neutrum
1363 410 1403 449 in
1446 409 1579 450 Iliade
1620 414 1664 451 ct

268 476 457 529 Odyssea
495 476 660 530 legitur.
699 476 892 530 exempla
927 482 1027 517 sunt
1059 477 1099 517 in
1139 477 1321 532 llyumis
1356 478 1591 518 Homericis
1621 478 1663 518 in

271 544 454 583 Mon-ur.
484 555 576 595 225.
599 547 642 583 ct
664 543 704 582 in
730 543 866 597 Apoll.
891 556 979 597 ¹33·
1041 542 1195 584 Tertiae
1227 557 1415 597 porsonzc
1445 543 1665 597 praesentis

266 612 432 661 βίβαντι
461 611 699 665 exemplum
720 616 785 651 ost
808 611 847 650 in
872 625 992 650 versu
1021 610 1226 651 Laconico
1252 611 1364 665 apud
1389 610 1600 652 Pollucem
1622 625 1666 662 4,

275 692 363 719 102.
388 679 486 732 χίλι’
510 678 534 718 ἅ
555 695 657 718 ποκα
683 677 861 729 βίβαντι,
885 692 1063 732 quacum
1093 677 1248 718 similes
1278 678 1482 733 quasdam
1508 679 1666 720 formas

267 746 527 801 comparavit
550 746 731 786 Ahrcns.
756 747 807 786 ‹lc
830 746 926 787 dial.
958 747 1056 786 l)or.
1082 761 1121 800 p.
1140 758 1237 800 3¹²·
1301 746 1382 786 Sed
1406 746 1666 800 probabilius

267 820 332 856 est
361 815 517 866 βίβατι,
550 814 661 868 quod
694 814 934 855 Mcinckius
969 814 1168 855 restituit.
1236 814 1350 855 Malo
1382 815 1461 855 hoc
1492 815 1667 856 verbum

270 883 474 936 „Eschylo
507 882 651 923 intulit
675 883 915 937 Stephanus
948 883 1070 923 Eum.
1092 893 1159 935 79.
1183 882 1341 937 scripto
1368 887 1562 933 βιβῶντα,
1591 898 1667 937 pro

266 956 454 1002 βεβῶντα
475 951 586 1005 quod
609 955 673 991 cst
695 951 736 990 in
768 951 924 1000 codice,
951 955 1198 1005 corruptum
1230 965 1281 990 ox
1312 954 1489 1001 βεβῶτα,
1512 955 1559 992 ut
1580 951 1668 992 ani—

267 1019 586 1060 madverterunt
608 1018 688 1059 alii.
733 1018 895 1059 Eadem
918 1019 1137 1073 compositi
1160 1018 1359 1071 προβιβάς
1375 1018 1437 1058 vel
1457 1023 1667 1071 προβιβῶν

267 1086 378 1127 ratio
399 1091 490 1127 est:
523 1086 642 1139 cujus
672 1086 836 1126 dativus
864 1090 1109 1138 προβιβῶντι
1136 1086 1248 1140 apud
1271 1085 1592 1127 Christodorum
1624 1087 1667 1127 in

269 1152 476 1208 Ecphrasi
499 1169 536 1193 v.
559 1165 599 1207 5.
622 1153 758 1194 minus
781 1153 933 1193 dubius
954 1158 1020 1194 est
1045 1168 1172 1208 quam
1203 1156 1410 1205 προβιβῶν
1430 1153 1472 1193 in
1496 1153 1667 1208 Hymno

269 1221 499 1262 Homerico
521 1221 562 1261 in
586 1222 771 1262 Mercur.
791 1235 884 1275 149.
906 1222 982 1273 ἧκα
1002 1223 1121 1262 ποσὶν
1142 1225 1365 1273 προβιβῶν.
1427 1221 1556 1275 Apud
1579 1223 1667 1263 Ho-

267 1304 429 1330 merum
451 1304 561 1339 vero,
585 1289 656 1330 ubi
678 1290 801 1345 vulgo
833 1294 1106 1342 προβιβῶντος
1136 1293 1382 1341 προβιβῶντι
1413 1294 1670 1341 προβιβῶντα

268 1357 309 1397 in
333 1357 383 1397 Il.
410 1371 470 1412 13,
495 1357 589 1409 807.
626 1359 688 1406 16,
713 1359 809 1411 609.
842 1357 922 1397 Od.
946 1370 1009 1410 15,
1032 1370 1146 1411 554„
1170 1370 1252 1396 non
1279 1355 1453 1395 dubium
1481 1361 1546 1397 est
1568 1356 1669 1411 quin

268 1426 538 1477 προβιβάντος
578 1425 819 1476 προβιβάντι
859 1424 1112 1476 προβιβάντα
1151 1429 1266 1465 recte
1307 1423 1521 1478 scripserit
1560 1424 1669 1466 Bek-

269 1494 407 1540 kerus,
441 1508 568 1547 quum
605 1493 907 1534 nominativum
944 1492 1145 1545 προβιβάς
1179 1492 1387 1533 intactum
1423 1491 1669 1547 reliquerint

269 1561 428 1603 librarii
453 1562 780 1616 Il.13,18.158.
805 1561 885 1602 Od.
908 1572 969 1615 17,
995 1573 1060 1613 27.

917 1685 1021 1726 Vll.

330 1780 368 1821 3.
395 1778 489 1816 240.
522 1765 545 1816 ἢ
577 1767 699 1817 δεύρω
731 1766 804 1815 μὲν
836 1765 1049 1820 ἕποντο-]
1085 1765 1360 1806 Scribebatur
1395 1768 1521 1817 δεῦρο,
1557 1765 1671 1819 quod

266 1834 356 1887 jam
387 1833 429 1873 in
461 1833 644 1873 editione
674 1832 810 1887 prima
834 1832 996 1873 correxi
1018 1847 1069 1873 ex
1094 1832 1342 1873 Herodiano
1363 1833 1450 1885 περὶ
1478 1832 1670 1884 μονήρους

271 1901 412 1952 λέξεως
443 1916 482 1956 p.
509 1903 573 1949 26,
595 1914 663 1955 33.
688 1899 758 1941 ubi
788 1900 846 1940 sic
874 1900 1033 1948 scribit,
1056 1901 1186 1941 Οὐδὲν
1208 1902 1261 1942 εἷς
1291 1905 1312 1940 ὀ
1342 1900 1458 1952 λήγει
1481 1901 1671 1952 ἐπίρρημα

271 1971 368 2020 ὑπὲρ
387 1971 480 2019 μίαν
502 1968 727 2019 συλλαβὴν,
750 1969 858 2008 ἀλλὰ
887 1969 1010 2018 μόνον
1036 1969 1078 2008 τὸ
1111 1971 1235 2020 δεῦρο,
1263 1969 1358 2019 ὅπερ
1390 1969 1535 2019 εἴρηται
1565 1969 1670 2019 παρὰ

271 2037 323 2092 τῷ
354 2037 491 2092 ποιητῇ
524 2036 630 2086 ἅπαξ
661 2039 741 2076 κατ’
764 2035 974 2076 ἐπέκτασιν
1003 2037 1058 2078 εἷς
1088 2043 1119 2075 ὦ
1140 2037 1183 2075 ἐν
1212 2038 1264 2090 τῷ
1288 2034 1351 2086 “ἢ
1382 2035 1502 2086 δεύρω
1532 2036 1606 2086 μὲν
1634 2034 1671 2076 ἕ-

269 2104 430 2145 ποντο·”
464 2108 722 2156 παραιτοῦμαι
757 2106 830 2156 γὰρ
861 2104 931 2153 τὴν
962 2103 1154 2155 διάφορον
1185 2104 1425 2155 ἀνάγνωσιν.
1488 2102 1554 2142 EX
1585 2115 1670 2142 uno

271 2172 351 2213 hoc
373 2173 464 2213 loco
488 2171 664 2212 Homeri
686 2186 769 2211 non
791 2171 926 2211 solum
947 2171 1088 2225 glossa
1110 2170 1327 2225 Hesychii,
1348 2185 1433 2224 qua
1453 2171 1574 2221 δεύρω
1594 2183 1670 2223 per

271 2244 384 2292 δεῦρο
406 2239 652 2294 explicatur,
674 2239 744 2279 sed
770 2239 900 2279 etiam
929 2243 1136 2292 quattuor
1166 2238 1343 2279 aliorum
1373 2237 1670 2293 grammatico-

271 2323 363 2348 rum
396 2307 634 2348 notationes
660 2311 810 2347 sumtae
835 2311 946 2353 sunt,
973 2305 1235 2360 Epimerism.
1262 2306 1389 2347 Hom.
1412 2306 1455 2345 in
1478 2304 1670 2345 Crameri

273 2375 434 2415 Anecd.
459 2374 595 2415 Oxon.
617 2374 695 2414 vol.
716 2388 749 2414 1.
772 2389 811 2428 p.
835 2375 926 2422 118,
952 2387 1026 2427 15„
1051 2373 1194 2427 Etym.
1212 2374 1276 2413 M.
1299 2375 1378 2428 258
1401 2377 1523 2422 extr„
1549 2371 1670 2412 scho-

271 2444 407 2485 liastae
439 2442 632 2497 Dionysii
664 2442 839 2482 Thracis
869 2456 908 2495 p.
933 2453 1028 2496 943,
1057 2453 1099 2494 3,
1133 2441 1202 2494 qui
1234 2441 1278 2481 τὸ
1311 2442 1430 2491 δεύρω
1463 2439 1670 2480 ἐπέκτασιν

271 2511 473 2562 ποιητικὴν
504 2525 593 2550 esse
616 2509 732 2558 dicit,
755 2514 799 2549 et
821 2508 1079 2563 Theognosti
1103 2508 1204 2549 Can.
1234 2524 1274 2563 p.
1305 2510 1396 2556 116,
1428 2521 1467 2558 4.
1499 2510 1596 2561 post
1618 2520 1669 2547 ea

273 2594 366 2633 quae
387 2579 439 2619 de
460 2578 606 2619 formis
628 2581 739 2629 δεῦρο
761 2581 804 2617 et
826 2577 934 2629 δευρί
950 2575 1070 2624 dixit,
1093 2575 1286 2619 πολλάκις
1314 2577 1355 2616 δὲ
1378 2576 1439 2616 καὶ
1460 2577 1522 2615 διὰ
1542 2591 1669 2626 μετρι-

273 2646 342 2696 κὴν
373 2647 511 2699 χρείαν
534 2646 594 2686 καὶ
615 2647 678 2685 διὰ
700 2647 767 2684 τοῦ
788 2651 830 2684 ὠ.
895 2642 979 2685 Qui
1011 2643 1123 2697 quod
1150 2657 1253 2698 scepe
1282 2644 1360 2683 hoc
1391 2643 1550 2683 factum
1578 2655 1670 2682 esse

271 2712 385 2760 dicit,
409 2713 497 2767 ipse
517 2713 654 2753 finxit.
718 2711 856 2763 Quum
876 2710 1029 2752 vocalis
1056 2710 1193 2751 brevis
1214 2715 1313 2751 ante
1341 2709 1543 2764 liquidam
1573 2721 1668 2763 pro-

271 2780 365 2819 duci
387 2780 533 2834 possit,
557 2785 605 2821 ut
625 2780 673 2821 fit
694 2779 735 2819 in
757 2783 860 2819 πολῦ
883 2779 1015 2829 μείων,
1040 2780 1101 2818 ἐνῖ
1118 2777 1323 2830 μεγάροισι
1352 2777 1526 2830 aliisque
1547 2789 1668 2815 voca-

271 2847 378 2887 bulis
409 2848 522 2902 apud
555 2847 805 2895 Homerum,
838 2845 953 2886 nulla
983 2844 1088 2885 satis
1119 2844 1259 2899 gravis
1287 2859 1435 2885 caussa
1465 2847 1558 2884 erat
1592 2855 1668 2882 cur
