1835 3256
254 208 350 247 ‚xxiv
759 207 1047 248 l’1{.:}⁴]1‹'A'l'
1063 207 1137 247 l().

369 317 454 357 εἵως
476 316 518 355 ἐι·
538 316 659 366 Τροίῃ
682 316 942 365 πολεμίζομεν
962 315 1041 356 υἷες
1064 317 1246 366 Ἀχαιῶν.

253 404 321 443 ubi
355 419 481 458 quum
519 404 609 444 libri
643 404 811 458 quidam
846 405 907 443 ἐνί
940 403 1158 457 pru-boant
1190 417 1265 457 pro
1298 403 1356 449 ἐν,
1383 402 1646 443 scribendum

253 471 379 511 videri
405 477 543 526 potest

370 552 447 593 εἷος
469 552 524 591 ἐνὶ
545 552 724 606 Τροίῃ-

253 648 300 682 ut
331 642 447 682 αὐτοῦ
479 642 535 682 ἐνὶ
568 644 809 692 κλιντῆρι-,
833 641 948 681 αὐτοῦ
985 640 1041 680 ἐνὶ
1073 640 1347 695 Τροίῃ-ἧμαι
1377 640 1433 680 ἐνὶ
1456 640 1648 691 Τροίῃ-,

255 713 364 761 κῆται
386 711 441 750 ἐνὶ
463 709 878 765 κλισίῃσιν--Ιοςίἰιιν
903 711 962 756 18,
982 709 1178 763 190.266.
1204 718 1497 761 24,542.554.‚
1520 722 1650 762 quan-

253 793 378 833 quam
411 778 560 818 horum
593 775 956 831 exmup101·um‚iu
989 776 1140 830 quibus
1170 775 1333 816 hiatum
1362 775 1494 816 vitare
1526 789 1651 829 quam

251 845 479 887 admittere
506 846 752 901 praestabat,
775 844 884 885 ratio
917 843 1057 899 paullo
1089 843 1171 884 alia
1202 849 1278 885 cst.
1341 843 1538 885 Ceterum
1569 857 1651 883 non

252 914 388 954 minus
410 919 528 955 certa
549 919 612 955 cst
634 914 875 968 conjectura
893 912 1129 953 Hermanni
1152 912 1327 953 candem
1344 911 1651 966 correptionem

253 982 470 1037 particulae
512 984 621 1025 τείως
657 997 733 1037 pro
772 981 865 1023 τέως
901 980 1024 1022 dictae
1065 980 1302 1022 adhibitam
1338 995 1429 1022 csse
1465 995 1491 1021 a
1526 983 1654 1034 poeta

257 1050 377 1092 Iliad.
411 1065 470 1105 19,
494 1053 582 1103 189.

367 1141 532 1192 μιμνέτω
555 1141 688 1182 αὐτόθι
709 1145 822 1190 τεῖος,
847 1141 1100 1193 ἐπειγόμενός
1121 1156 1193 1192 περ
1209 1138 1363 1190 ”Αρηος.

254 1232 324 1273 ubi
347 1231 442 1272 libri
467 1231 567 1273 vitio
589 1231 813 1272 manifesto

367 1311 535 1363 μιμνέτω
557 1312 644 1351 αὖθι
664 1310 759 1353 τέως
780 1311 1032 1363 ἐπειγόμενος

253 1401 364 1456 quod
393 1402 482 1455 jam
509 1405 671 1441 veteres
703 1404 977 1447 correctores,
1006 1403 1054 1440 ut
1086 1414 1138 1440 ex
1168 1399 1336 1440 scholiis
1367 1404 1559 1454 apparet,
1582 1398 1654 1440 alii

251 1469 375 1510 aliter
405 1468 615 1524 corrigere
646 1468 911 1509 studuerunt.
976 1467 1055 1519 Qui
1088 1467 1122 1507 si
1154 1467 1265 1508 inter
1293 1482 1363 1508 eos
1391 1468 1562 1508 fuerunt
1584 1465 1655 1521 qui

254 1539 325 1581 ἕως
347 1539 424 1590 ἐγὼ
445 1537 487 1578 in
508 1552 629 1578 versu
651 1536 785 1591 qualis
806 1541 871 1577 est
893 1536 971 1577 Od.
989 1550 1028 1587 4,
1048 1550 1115 1590 90.
1141 1536 1358 1576 ferendum
1375 1536 1635 1591 judicarunt,

370 1629 440 1671 ἕως
463 1629 539 1681 ἐγὼ
562 1628 647 1680 περὶ
670 1631 779 1668 κεῖνα
798 1626 926 1667 πολὺν
945 1627 1084 1677 βίοτον
1107 1628 1405 1678 συναγείρων-

253 1723 329 1760 aut
361 1719 432 1761 ἕως
464 1717 516 1759 ἔθ’
541 1718 583 1758 in
604 1732 725 1758 versu
756 1733 782 1759 a
814 1716 1064 1771 quibusdam
1096 1716 1255 1757 inserto
1276 1721 1373 1771 post
1398 1716 1444 1756 ll.
1476 1729 1653 1771 13‚434.

256 1792 312 1839 (v.
335 1785 480 1835 schol.)

371 1877 442 1919 ἕως
463 1875 513 1916 ἔθ’
535 1877 639 1926 ἥβην
663 1875 783 1929 εἶχεν,
808 1876 961 1928 ὄφελλε
983 1876 1024 1915 δὲ
1048 1876 1203 1925 κούριον
1223 1875 1353 1917 ἄνθος.

254 1966 417 2006 mireris
449 1980 593 2006 eorum
625 1965 965 2007 inconstantiam.
1029 1965 1139 2006 Nam
1170 1964 1204 2005 si
1233 1964 1296 2005 his
1318 1965 1481 2005 duobus
1502 1965 1544 2005 in
1566 1979 1655 2006 ver-

255 2034 370 2075 sibus
398 2034 533 2088 prima
555 2033 851 2074 vocabulorum
874 2034 951 2085 ἐγώ
973 2038 1017 2074 et
1038 2033 1093 2074 ἔτι
1114 2032 1275 2087 syllaba
1302 2047 1378 2087 pro
1406 2033 1530 2088 longa
1558 2032 1656 2088 poni

255 2102 408 2157 potuit,
432 2101 576 2157 quidni
607 2102 718 2142 idem
747 2100 913 2141 licuerit
944 2100 985 2140 in
1017 2101 1177 2155 syllaba
1206 2100 1344 2155 prima
1365 2100 1479 2141 verbi
1504 2101 1656 2153 ἐπειγό-

255 2171 398 2221 μενος-ἓ
445 2170 540 2210 Non
571 2169 707 2210 minus
737 2168 962 2210 manifesta
988 2169 1104 2209 fraus
1132 2177 1197 2209 est
1228 2168 1269 2208 in
1298 2168 1380 2209 alio
1402 2183 1525 2223 quem
1548 2169 1657 2208 Her-

256 2252 435 2278 mannus
455 2237 640 2292 neglexit
660 2251 782 2277 versu
806 2235 856 2276 Il.
882 2248 948 2286 20,
963 2249 1031 2288 42.
1054 2236 1125 2276 ubi
1155 2250 1283 2290 quum
1310 2235 1352 2275 in
1380 2235 1497 2276 libris
1527 2236 1655 2291 scrip-

257 2311 350 2347 tum
371 2304 440 2353 sit,

374 2394 461 2437 εἵως
480 2393 554 2444 μέν
574 2391 612 2443 ῥ’
636 2392 834 2434 ἀπάνευθε
856 2392 937 2433 θεοὶ
958 2395 1107 2443 θνητῶν
1128 2393 1225 2434 ἕσαν
1247 2394 1411 2445 ἀνδρῶν,

372 2461 467 2504 τέως
487 2459 645 2514 Ἀχαιοὶ
665 2462 740 2511 μὲν
759 2459 860 2513 μέγα
882 2461 1047 2501 κύδανον
1068 2465 1160 2510 etc„

259 2553 436 2603 excepto
472 2549 744 2604 palimpsesto
782 2549 982 2590 Guretoni
1018 2565 1057 2604 p.
1075 2561 1157 2605 59„
1195 2549 1237 2589 in
1274 2563 1356 2604 quo
1392 2554 1457 2590 est
1488 2553 1654 2590 ΤΕΙΩΣ

259 2621 464 2665 AXAIOI,
487 2622 588 2661 τεῖος
608 2617 765 2671 Ἀχαιοὶ
786 2617 1052 2658 scribendum
1073 2618 1196 2666 soret,
1219 2617 1297 2658 nisi
1326 2618 1404 2658 hoc
1426 2618 1592 2673 quidem
1613 2617 1655 2657 in

258 2685 349 2725 loco
371 2685 629 2739 probabilius
650 2691 761 2727 esset
783 2686 891 2741 quod
919 2687 972 2727 ab
993 2686 1205 2728 veteribus
1227 2686 1475 2741 quibusdam
1497 2699 1655 2725 correc-

259 2752 422 2792 toribus
459 2753 643 2807 positum
675 2760 882 2795 memorat
917 2754 1157 2801 scholiasta,
1195 2755 1323 2806 τόφρα
1354 2752 1384 2793 δ’
1405 2754 1575 2806 Ἀχαιοί,
1608 2758 1653 2792 ut

260 2820 351 2861 aliis
383 2820 424 2860 in
457 2821 556 2861 locis
583 2821 709 2873 (velut
734 2822 781 2862 Il.
808 2836 867 2871 ιο,
892 2833 982 2874 107.
1028 2835 1205 2873 11,411.
1254 2834 1312 2875 ¹5³
1332 2835 1427 2875 390.
1448 2832 1544 2875 539.
1594 2830 1653 2872 17,
