1835 3256
664 223 1064 260 SUMMARIA.
1441 228 1556 263 xxxix

163 327 380 377 dignatione
419 327 575 363 miratur
608 326 872 375 (421-464).
932 327 1088 364 Coenam
1125 341 1197 364 nox
1232 330 1399 377 sequitur
1435 330 1558 366 minax

162 393 364 428 tonitribus
386 393 590 441 (465—48
600 393 648 438 2).

804 456 916 494 VlII.

214 521 316 557 Deos
342 520 388 556 ad
408 520 605 556 concilium
628 528 782 557 vocatos
801 528 904 558 vetat
923 522 1099 570 ,Iuppiter
1119 522 1240 558 neutri
1262 523 1401 571 populo
1422 524 1458 559 in
1484 525 1561 560 acic

160 586 304 627 adesse,
325 598 509 633 curruque
529 585 679 622 vehitur
699 586 746 622 ad
766 586 874 623 Idam
899 587 1079 634 (1—52).
1137 587 1230 623 Inde
1251 588 1431 636 prospicit
1452 602 1561 625 manc

162 650 274 687 dubia
302 650 458 686 victoria
486 656 699 698 pugnantes
725 651 922 694 exercitus,
951 651 1086 687 deinde
1113 651 1275 687 fortunis
1302 665 1431 688 eorum
1459 653 1561 689 fatali

160 715 267 752 lance
295 715 504 763 pensitatis
536 715 765 763 dejectisque
794 716 1027 757 fulminibus,
1049 715 1160 752 exitia
1184 717 1338 753 Achivis
1368 719 1561 766 portendit

163 780 376 829 (53—77).
434 780 485 816 Iis
514 793 632 828 usque
659 781 706 817 ad
731 780 964 817 munimenta
984 781 1187 829 compulsis
1213 782 1427 830 adjutorem
1455 784 1559 832 Nep-

161 850 294 881 tunum
331 845 433 882 Juno
467 846 607 882 frustra
644 846 811 895 expetit;
856 859 944 882 mox
984 845 1221 882 inclamando
1256 848 1400 883 animos
1440 849 1563 885 reddit

161 912 411 958 Agamemno,
435 917 473 947 et
501 911 703 959 propitium
722 910 858 947 Jovem
888 916 1080 948 ostentum
1110 912 1298 960 significat
1322 913 1560 962 (78—250).

159 973 246 1010 Jam
267 975 415 1018 Achivi,
437 976 662 1024 aliquamdiu
684 976 906 1024 superiores,
933 989 1033 1012 novo
1053 977 1196 1025 impetu
1225 978 1411 1025 repellunt
1430 978 1562 1027 Troja-

161 1051 243 1083 nos,
266 1052 424 1088 quorum
447 1041 586 1077 multos
607 1041 756 1090 sagittis
776 1041 934 1090 configit
952 1041 1108 1083 Teucer,
1130 1042 1293 1078 vicissim
1323 1043 1369 1079 ab
1392 1043 1562 1080 Hectore

161 1103 377 1141 vulneratus
395 1107 659 1154 (251—334).
692 1106 836 1141 Rursus
856 1106 894 1141 in
914 1106 1044 1154 fugam
1065 1112 1262 1142 vertuntur
1277 1108 1424 1149 Achivi,
1448 1122 1562 1156 quum

160 1168 261 1206 Juno
282 1176 319 1206 et
340 1171 513 1206 Minerva
533 1171 660 1206 auxilii
683 1171 826 1207 ferendi
857 1184 989 1207 caussa
1007 1171 1160 1219 Trojam
1190 1173 1376 1220 proficisci
1404 1181 1560 1221 parant;

161 1237 227 1273 sed
248 1244 468 1286 conspectas
499 1238 625 1274 statim
653 1251 698 1274 ex
731 1244 860 1274 monte
879 1238 1053 1286 Juppiter
1073 1251 1139 1286 per
1160 1239 1236 1275 Irin
1267 1241 1387 1288 rejicit
1411 1242 1562 1290 (335—

161 1301 276 1348 437).
324 1300 410 1348 Ipse
431 1301 478 1336 ad
498 1300 704 1350 Olympum
721 1314 893 1338 reversus
914 1307 1157 1338 contumaces
1178 1303 1266 1339 deas
1287 1304 1363 1339 acri
1382 1304 1560 1353 objurga-

161 1364 264 1401 tione
293 1365 456 1407 incessit,
486 1365 641 1401 Achivis
674 1366 786 1402 etiam
817 1367 979 1414 majores
1010 1366 1134 1403 clades
1160 1367 1198 1403 in
1227 1369 1430 1404 crastinum
1464 1369 1563 1405 diem

161 1429 326 1466 minatur
356 1430 620 1477 (438—484).
680 1431 804 1467 Finita
832 1432 880 1467 ob
913 1437 1064 1467 noctem
1095 1432 1335 1470 dimicatione
1361 1433 1563 1482 habitaque

161 1494 342 1531 concione
361 1495 514 1543 Trojani
534 1495 695 1532 victores
724 1495 761 1532 in
791 1496 871 1544 ipso
897 1496 1019 1544 proelii
1047 1496 1132 1532 loco
1153 1498 1329 1534 excubias
1357 1498 1563 1535 obsidionis

161 1557 374 1601 instituunt,
405 1565 528 1608 atque,
555 1565 597 1596 ut
628 1560 781 1597 insidias
808 1561 980 1597 hostibus
1009 1566 1073 1597 aut
1097 1562 1378 1611 navigationem
1406 1565 1561 1613 praeclu-

162 1622 265 1665 dant,
298 1625 450 1660 crebros
483 1638 549 1673 per
581 1625 714 1662 urbem
746 1638 994 1674 campumque
1026 1626 1133 1674 ignes
1165 1629 1375 1665 accendunt
1412 1629 1563 1677 (485—

162 1688 272 1737 565)-

828 1756 898 1792 IX.

215 1819 328 1867 Apud
359 1819 526 1856 Achivos
559 1826 597 1856 et
629 1821 820 1868 praeterito
854 1821 1068 1858 discrimine
1101 1822 1292 1870 perculsos
1327 1828 1365 1858 et
1398 1823 1562 1860 instante

162 1883 388 1920 conterritos
417 1885 512 1921 clam
543 1885 588 1921 ab
613 1887 902 1934 Agamemnone
933 1898 1108 1936 proceres
1138 1892 1407 1929 convocantur,
1430 1888 1563 1936 quibus

161 1960 226 1984 rex
254 1949 451 1986 consilium
481 1950 581 1999 fugae
613 1956 650 1986 et
676 1951 921 1998 properandae
952 1964 1018 1999 per
1045 1957 1196 1987 noctem
1225 1952 1476 2001 navigationis
1505 1954 1560 1989 in-

161 2013 252 2049 dicit
283 2013 468 2061 (1—28).
526 2015 562 2050 A
590 2015 691 2062 turpi
716 2015 866 2063 incepto
897 2015 1146 2051 dehortantur
1175 2028 1260 2051 eum
1285 2017 1490 2053 Diomedes
1520 2030 1563 2054 ac

161 2079 306 2115 Nestor
329 2079 542 2128 (29—78).
602 2079 780 2115 Excubiae
800 2080 972 2116 locantur
990 2092 1059 2128 pro
1075 2081 1319 2117 munimentis
1339 2087 1561 2124 castrorum,

161 2144 199 2179 in
219 2144 517 2192 Agamemnonis
549 2144 712 2180 tentorio
732 2157 839 2180 coena
867 2150 1021 2192 paratur
1049 2145 1279 2192 proceribus,
1310 2151 1396 2194 post
1416 2159 1560 2184 coenam

161 2208 320 2245 sollicite
349 2209 474 2257 agitur
503 2209 549 2245 de
574 2209 721 2245 Achille
754 2209 937 2257 placando
968 2215 1006 2246 et
1037 2210 1084 2245 ad
1110 2211 1316 2247 exercitum
1347 2211 1562 2248 reducendo

164 2275 403 2322 (79—113).
461 2274 547 2322 Ipse
577 2274 817 2322 Agamemno
846 2274 910 2316 illi,
943 2274 973 2310 si
1005 2275 1236 2311 iracundiam
1267 2288 1373 2312 suam
1403 2277 1561 2324 publicae

161 2338 375 2374 necessitati
404 2338 602 2380 remiserit,
623 2345 661 2375 et
680 2339 859 2375 intactam
892 2339 1101 2375 Briseidem
1128 2345 1165 2376 et
1185 2340 1323 2376 eximia
1350 2341 1449 2377 dona
1475 2354 1561 2390 pro-

162 2402 278 2439 mittit
297 2405 335 2449 (1
348 2404 562 2449 14—161).
624 2403 698 2439 His
718 2416 802 2439 cum
826 2404 1105 2440 conditionibus
1128 2404 1329 2441 mittuntur
1349 2404 1417 2441 viri
1439 2418 1460 2441 a
1480 2406 1560 2443 Ne·-

162 2472 263 2503 store
287 2467 433 2509 delecti,
459 2467 630 2509 Phoenix,
652 2480 761 2516 quem
783 2468 923 2504 Achilli
951 2474 1059 2516 pater
1087 2473 1273 2505 rectorem
1298 2470 1466 2517 juventae
1496 2471 1562 2507 ad-

163 2532 319 2574 diderat,
340 2533 438 2580 Ajax
461 2533 592 2580 major,
616 2532 783 2581 Ulysses,
805 2532 878 2568 duo
899 2533 1164 2569 caduceatores
1189 2533 1458 2580 (162—184).
1492 2535 1562 2571 Le-

161 2602 272 2645 gatos
300 2597 418 2632 amice
444 2596 582 2644 excipit
603 2597 781 2639 Achilles,
805 2598 870 2633 sed
899 2610 1029 2634 eorum
1051 2598 1220 2646 quamvis
1250 2604 1454 2640 accuratas,
1475 2612 1560 2648 gra-

161 2674 238 2704 ves,
259 2661 414 2698 blandas
441 2661 630 2698 orationes
659 2670 697 2698 et
718 2662 844 2698 omnia
863 2663 1164 2710 Agamemnonis
1192 2663 1378 2710 promissa
1406 2664 1558 2712 adsper-

162 2731 294 2762 natur:
326 2730 508 2773 praeterea
528 2725 742 2761 Phoenicem
763 2726 861 2774 apud
883 2739 922 2762 se
941 2728 1091 2767 retinet,
1108 2739 1192 2762 cum
1209 2739 1327 2774 eoque
1344 2727 1380 2763 in
1401 2728 1560 2775 patriam

160 2790 376 2838 propediem
398 2802 437 2826 se
457 2789 663 2826 rediturum
685 2790 847 2826 minatur
869 2790 1134 2838 (185-668).
1178 2790 1236 2827 Ita
1255 2797 1456 2839 postquam
1476 2792 1557 2828 irri-

161 2859 239 2889 tam
268 2853 496 2902 legationem
525 2853 792 2890 renunciarunt
816 2855 916 2902 Ajax
945 2861 982 2890 et
1006 2854 1175 2902 Ulysses,
1206 2855 1374 2903 graviter
1404 2856 1560 2892 afflictos
