1866 3256
550 794 828 836 ADDENDA
869 795 937 834 ET
970 793 1370 836 fflissfflGleNlm.

312 1006 354 1041 In
376 1005 548 1054 Odyssea
568 1008 686 1053 nuper
706 1005 807 1042 edita
831 1018 861 1046 1,
885 1017 974 1052 341.
998 1011 1035 1041 ct
1061 1016 1120 1049 132
1145 1016 1233 1052 255.
1256 1006 1318 1039 αἰεὶ
1340 1004 1400 1051 ἐνὶ]
1429 1004 1545 1039 Recta
1565 1004 1654 1039 scri-

256 1076 364 1118 ptura
385 1071 456 1106 αἷὲν
475 1072 517 1106 ἐνὶ
538 1076 607 1107 est.
666 1070 766 1106 Nam
787 1070 850 1106 ubi
879 1069 982 1106 brevi
1002 1069 1145 1118 syllaba
1165 1081 1258 1116 opus
1279 1073 1336 1104 est
1356 1081 1432 1104 non
1452 1067 1657 1115 diphthon-

255 1148 346 1183 gum
363 1135 569 1183 corripiunt
586 1135 692 1183 epici.
711 1135 778 1171 sed
799 1135 915 1171 altera
934 1135 1055 1170 forma
1075 1136 1143 1170 αἰέν
1161 1139 1329 1169 utuntur.
1370 1133 1515 1168 Eodem
1532 1144 1657 1168 errore

255 1201 369 1248 vulgo
389 1201 451 1236 αἰεὶ
474 1201 553 1246 ἐμήν
575 1200 616 1235 Il.
639 1212 677 1248 9,
699 1211 791 1247 322.
843 1201 959 1235 Recte
980 1211 1069 1235 vero
1090 1199 1158 1234 αἰέν
1178 1198 1215 1233 in
1235 1198 1328 1234 locis
1348 1197 1542 1241 similibus,
1557 1196 1658 1233 velut

257 1264 380 1306 ll.11‚
403 1277 490 1312 154.
517 1264 602 1311 178.
628 1264 717 1312 784.
758 1276 814 1311 13,
838 1274 929 1312 357.
953 1263 1044 1309 386.
1064 1250 1067 1251 ⁷
1089 1274 1148 1309 23,
1172 1262 1262 1299 821.

316 1340 345 1370 1,
369 1339 458 1376 351.
479 1337 571 1376 352.
593 1328 1074 1374 ἐπικλείουσ’-ἀκουόντεσσι]
1101 1327 1241 1362 Veram
1270 1325 1472 1361 lectionem
1493 1324 1655 1373 ἐπιφρονέ-

254 1393 547 1428 ουσ’-οὶϊόντεσσι
566 1405 612 1429 ex
629 1393 784 1429 Platone
805 1392 952 1428 restitui
975 1404 1087 1440 supra
1106 1405 1141 1439 p.
1160 1391 1208 1427 vi.
1247 1390 1455 1439 Vulgatum
1471 1394 1529 1425 est
1544 1389 1656 1424 etiam

255 1469 311 1505 ap.
333 1456 496 1505 Longin.
518 1457 670 1506 Fragm.
692 1469 727 1504 3,
753 1469 783 1493 1.
807 1470 843 1505 p.
867 1458 954 1492 160.
978 1457 1036 1492 ed.
1054 1456 1219 1492 Weisk.:
1251 1455 1317 1491 sed
1337 1455 1411 1490 duo
1438 1460 1563 1490 tamen
1594 1466 1656 1489 co-

254 1521 355 1558 dices
377 1524 427 1567 (V.
447 1521 592 1558 Weisk.
620 1535 655 1570 p.
679 1522 790 1568 628.)
813 1522 998 1557 ἀϊόντεσσι.
1064 1521 1260 1556 Productae
1297 1519 1449 1567 syllabae
1483 1518 1657 1554 secundae

253 1586 353 1622 aliud
383 1587 597 1635 exemplum
622 1587 783 1623 fortasse
803 1586 873 1622 fuit
892 1586 930 1621 in
950 1586 1033 1622 loco
1060 1591 1181 1633 poetae
1202 1598 1249 1621 ex
1270 1597 1343 1632 quo
1374 1584 1541 1631 glossam
1561 1585 1658 1624 αἐίως

254 1651 387 1687 sumsit
408 1650 638 1699 Hesychius.

310 1728 344 1757 2,
368 1716 432 1763 36.
455 1722 491 1752 et
512 1728 548 1763 9,
571 1727 662 1763 377.
696 1716 937 1762 Πεισίστρατον
958 1719 995 1749 et
1024 1715 1146 1761 ἀναδύῃ
1178 1724 1322 1749 errores
1351 1711 1560 1760 typothetae
1588 1724 1656 1759 pro

255 1783 494 1828 Πεισίστρατος
513 1786 550 1816 et
569 1782 692 1823 ἀναδύη
715 1777 902 1827 (optativo
923 1778 1067 1824 modo).

308 1857 345 1893 9,
366 1856 458 1892 302.
482 1851 520 1880 et
541 1857 599 1892 19,
622 1844 713 1889 480.
735 1844 832 1891 χεῖρ’]
858 1843 961 1879 Male
982 1854 1160 1878 excusum
1181 1853 1249 1889 pro
1269 1839 1347 1889 χείρ’
1368 1840 1411 1886 (i.
1428 1853 1458 1877 e.
1480 1840 1589 1889 χειρί).

307 1909 352 1945 In
372 1909 678 1946 annotationibus
700 1908 796 1944 adde
816 1920 848 1949 1,
875 1918 935 1954 24.
956 1911 982 1942 οἱ
1002 1907 1145 1953 μὲν-οἱ
1164 1906 1209 1952 δ’]
1239 1906 1419 1953 ἠμὲν-ἠδ’
1442 1905 1574 1942 Crates
1595 1917 1654 1953 ap.

253 1973 430 2011 Strabon.
455 1987 484 2010 1.
507 1987 542 2022 p.
565 1985 628 2021 30.
651 1985 716 2020 31.
740 1972 859 2020 (conf.
885 1985 919 2008 2.
941 1985 978 2020 p.
1002 1973 1108 2017 103.)
1278 1979 1312 2018 5,
1338 1982 1427 2019 290.
1455 1971 1577 2018 ἐλάαν]
1602 1985 1653 2018 γρ.

252 2042 351 2075 {daut
386 2052 418 2074 v.
440 2039 556 2075 schol.
578 2038 621 2074 Il.
645 2043 689 2080 N,
712 2049 801 2086 3¹5·

308 2104 343 2147 8,
370 2116 431 2140 20.
460 2104 569 2150 ἐνηέα]
603 2101 732 2147 Ἐνηέα,
762 2101 915 2138 nomine
949 2100 1113 2148 propriO,
1143 2099 1270 2134 Zoilus
1301 2111 1360 2146 ap.
1392 2098 1509 2135 schol.
1541 2097 1588 2134 Il.
1616 2102 1652 2141 P,

255 2180 343 2213 204.
525 2180 586 2212 10,
609 2167 700 2215 465.
723 2165 1086 2211 πέποσθε-πέπασθε]
1113 2163 1273 2212 Corrige
1291 2163 1652 2199 πέπασθε-πέποσθε.

252 2232 340 2268 Vid.
363 2233 410 2268 ad
431 2232 472 2269 Il.
496 2244 531 2279 3,
554 2244 618 2281 99.
792 2243 850 2279 15,
876 2242 963 2278 251.
986 2231 1171 2264 νοθεύεταιε
1194 2241 1229 2263 v.
1252 2228 1370 2264 schol.
1395 2227 1436 2263 Il.
1460 2232 1500 2270 T,
1527 2237 1613 2275 235.
