1835 3256
224 227 286 261 xlii
754 227 796 262 Λ.
831 226 865 261 l·'.
891 226 936 261 W
953 227 987 260 ()
1006 227 1033 262 Ι,
1052 226 1096 261 Ι”Ι

874 376 978 411 xlv.

280 456 516 491 Flauum-ibus
538 468 673 503 pugna·
695 457 895 492 exterritus
915 457 1055 493 Nestor
1071 457 1263 502 egreditur
1284 457 1525 493 tabernaculo
1547 471 1625 499 suo,

226 521 258 555 in
283 534 355 567 quo
376 521 497 556 adluu-
519 521 769 557 lN'luelmonem
800 522 1004 561 recreabat.
1029 528 1067 557 ut
1090 535 1162 569 quo
1190 535 1248 557 res
1272 522 1354 557 loco
1383 522 1429 558 sit
1456 523 1625 570 exploret

228 588 409 628 (1—2(¹).
479 585 640 621 Obviam
677 586 708 621 ei
741 586 895 622 veniunt
928 599 973 622 cx
1012 586 1225 622 vulneribus
1258 587 1347 634 aegri
1385 585 1626 634 Agamemno

228 649 383 697 Ulysses
410 656 446 685 ct
475 650 689 691 Diomedes,
721 650 850 686 eadem
883 651 928 686 de
958 663 1089 686 caussa
1120 650 1333 698 progressi;
1368 663 1524 697 quorum
1555 650 1627 698 pri-

225 728 308 751 mus
336 716 380 751 de
412 716 496 751 belli
524 716 625 752 exitu
657 716 798 764 pridem
828 717 960 752 anxius
991 729 1090 752 nunc
1115 716 1251 752 vallum
1282 721 1477 764 prorutum
1500 716 1628 752 videns

225 793 353 816 rursus
372 780 498 827 fugam
521 781 722 817 meditatur
738 781 946 829 (27—81).
992 780 1078 817 Hoc
1094 780 1290 816 consilium
1312 780 1498 828 improbat
1517 780 1626 828 Ulys-

225 858 298 886 seS,
325 846 528 882 Diomedes
559 851 682 882 autem
714 846 912 893 persuadet
943 845 1117 881 omnibns
1146 851 1185 881 ut
1213 846 1248 881 in
1275 845 1444 893 proelium
1473 845 1628 881 redeant

225 923 386 958 suosque
415 911 613 958 praesentia
643 916 742 947 certe
773 916 883 958 atque
913 910 1065 946 hortatu
1095 911 1299 958 adjuvent:
1336 910 1445 946 simul
1475 915 1627 947 euntem

226 976 552 1023 Agamemnonem
583 975 725 1012 solatur
749 981 786 1011 et
813 976 1018 1012 exercitum
1050 976 1248 1012 confirmat
1276 976 1478 1024 Neptunus
1504 975 1627 1023 (82—

231 1042 337 1090 152).
398 1041 548 1077 Interea
567 1041 680 1082 Juno,
704 1047 746 1077 ut
767 1040 1001 1077 Achivorum
1026 1041 1193 1077 laborem
1219 1041 1400 1082 sublevet,
1427 1047 1535 1078 ornat
1562 1055 1625 1090 pa-

225 1112 355 1153 ratque
383 1118 421 1142 se
443 1106 488 1142 ad
509 1106 641 1142 Jovem
665 1106 700 1141 in
723 1105 792 1141 Ida
820 1105 961 1141 uxoriis
987 1105 1170 1141 illecebris
1197 1106 1482 1148 deleniendum;
1515 1119 1625 1153 quam

225 1171 272 1206 ob
298 1184 374 1206 rem
403 1185 424 1207 a
447 1171 594 1207 Venere
623 1176 768 1207 cestum
798 1175 1003 1212 mutuatur,
1025 1176 1063 1206 et
1090 1183 1135 1206 ex
1161 1171 1306 1206 Lemno
1336 1171 1491 1207 arcessit
1516 1170 1625 1207 Som-

224 1249 328 1276 num,
351 1236 411 1284 qui
440 1237 549 1272 deum
576 1237 613 1271 in
640 1248 812 1283 soporem
842 1235 1055 1272 committat
1076 1237 1339 1284 (153—351).
1400 1235 1502 1271 Huic
1531 1241 1626 1271 tem-

224 1301 306 1348 pori
341 1301 535 1337 insidiatus
573 1302 716 1337 Somno
752 1306 903 1336 auctore
938 1300 1140 1348 Neptunus
1174 1301 1363 1337 fortunam
1396 1301 1625 1337 Achivorum

225 1365 434 1413 promptius
474 1365 689 1402 auxiliando
724 1365 888 1401 restituit
919 1367 1178 1412 (352—-401).
1250 1365 1398 1402 Hector
1432 1366 1478 1401 ab
1510 1366 1626 1413 Ajace

225 1429 302 1464 ictu
328 1428 460 1476 lapidis
486 1441 685 1476 percussus
706 1428 831 1464 deficit
858 1429 982 1464 animo
1004 1434 1114 1476 atque
1135 1443 1156 1465 a
1176 1429 1285 1465 sociis
1313 1430 1387 1465 suis
1414 1435 1627 1478 asportatur

225 1500 449 1541 curaturque
468 1495 729 1541 (402—439).
786 1494 870 1529 Jam
893 1495 1082 1529 renovatis
1102 1495 1234 1531 animis
1255 1500 1467 1543 pugnantes
1488 1494 1627 1530 Achivi

223 1559 408 1607 Trojanos
429 1572 449 1595 a
470 1559 626 1595 navibus
647 1564 821 1595 avertunt
844 1560 957 1607 Ajace
985 1558 1167 1607 imprimis
1194 1560 1337 1595 minore
1363 1560 1514 1608 fugatos
1541 1572 1624 1607 per-

225 1629 404 1671 sequente
427 1626 688 1671 (440—522).

883 1727 966 1762 XV.

279 1809 304 1844 J
309 1808 457 1856 uppiter
476 1813 718 1855 experrectus
744 1807 830 1855 pelli
850 1807 951 1843 videt
970 1807 1154 1855 Trojanos
1177 1807 1325 1844 Achivis
1347 1821 1454 1856 opem
1482 1808 1625 1846 ferente

224 1872 410 1922 Neptuno
429 1874 545 1919 (1—-1
563 1873 610 1918 i).
669 1872 800 1920 Itaque
821 1885 951 1920 aspere
970 1872 1160 1920 inerepitae
1176 1872 1318 1908 Junoni
1340 1873 1497 1920 imperat
1516 1879 1558 1910 ut
1578 1886 1625 1910 ex

225 1937 390 1986 Olympo
417 1937 576 1973 advocet
596 1937 684 1972 Irim
706 1943 743 1973 et
764 1937 999 1985 Apollinem;
1032 1937 1090 1973 his
1121 1950 1160 1974 se
1188 1937 1368 1973 ministris
1394 1950 1547 1974 usurum
1578 1939 1625 1975 ad

223 2003 406 2051 Trojanas
426 2002 523 2038 vires
550 2002 814 2043 restituendas,
840 2001 949 2038 simul
979 2015 1129 2038 omnem
1157 2002 1320 2038 fatorum
1348 2002 1482 2039 seriem
1509 2016 1625 2051 usque

224 2068 271 2104 ad
292 2068 478 2104 excidium
500 2067 600 2102 urbis
620 2067 789 2114 praedicit
811 2068 845 2112 (1
859 2068 1020 2115 2—77).
1082 2067 1140 2102 Ex
1160 2067 1309 2103 Junone
1330 2067 1368 2102 in
1389 2067 1545 2103 deorum
1567 2080 1625 2103 se-

224 2133 310 2169 dem
333 2144 483 2168 reversa
503 2132 610 2167 Mars
637 2131 741 2167 audit
767 2131 813 2167 de
841 2131 941 2167 caede
968 2131 1032 2167 filii
1054 2132 1109 2166 sui
1131 2131 1336 2178 Ascalaphi
1361 2137 1398 2167 et
1425 2132 1549 2167 statim
1578 2133 1625 2168 ad

225 2197 405 2232 ultionem
434 2195 667 2237 exardescit;
700 2196 865 2232 furorem
893 2196 974 2243 ejus
1002 2196 1170 2243 reprimit
1192 2196 1365 2231 Minerva
1387 2196 1623 2244 (78—142).

223 2261 358 2308 Apollo
388 2266 425 2296 et
450 2260 519 2296 Iris
549 2260 752 2296 deveniunt
776 2260 822 2296 ad
845 2260 994 2302 Jovem,
1021 2261 1127 2309 cujus
1158 2260 1272 2296 missu
1302 2260 1382 2296 haee
1403 2261 1624 2308 Neptunum

223 2326 419 2361 minaciter
439 2325 683 2361 conterritum
705 2326 875 2372 quamvis
896 2325 1144 2361 reluctantem
1165 2325 1268 2373 cogit
1289 2331 1330 2361 ut
1350 2325 1448 2361 bello
1470 2326 1626 2363 desistat

224 2391 496 2438 (143—219);
528 2390 665 2437 Apollo
690 2395 861 2426 sanatum
884 2389 1095 2426 Hectorem
1119 2390 1231 2438 erigit
1257 2403 1375 2438 eoque
1400 2391 1437 2425 in
1457 2404 1623 2439 pugnam

224 2455 380 2490 reducto
400 2455 589 2490 fortunam
604 2454 853 2501 Trojanorum
875 2454 1058 2490 instaurat
1075 2455 1336 2499 (κιο-280).
1385 2454 1532 2490 Hector
1548 2455 1623 2491 for-

224 2520 389 2555 tissimos
409 2519 639 2555 Achivorum
671 2519 838 2561 adortus,
864 2519 1075 2571 imbellibus
1103 2519 1147 2554 ad
1175 2532 1289 2554 naves
1318 2519 1517 2567 degressiS,
1540 2532 1624 2567 par-

224 2585 290 2619 tim
319 2584 492 2625 trucidat,
514 2584 650 2631 partim
672 2584 708 2619 in
729 2584 857 2631 fugam
879 2584 1002 2623 vertit,
1024 2590 1214 2631 praeeunte
1242 2584 1324 2624 deo,
1348 2584 1407 2631 qui
1435 2589 1624 2619 commota

224 2649 344 2697 aegide
365 2649 518 2684 Achivis
539 2661 715 2698 pavorem
741 2649 888 2690 incutit,
913 2648 1088 2696 Trojanis
1109 2654 1233 2684 autem
1255 2648 1377 2684 deleto
1398 2661 1505 2683 muro
1528 2648 1622 2683 viam

224 2714 343 2749 munit
365 2714 411 2749 ad
431 2715 586 2749 classem
609 2714 901 2749 exscindendam
920 2713 1092 2760 (281—3
1103 2714 1187 2761 89).
1237 2713 1290 2749 Ea
1310 2725 1348 2749 re
1366 2712 1623 2748 animadversa

226 2778 419 2814 Patroclus
447 2778 492 2813 ab
518 2778 710 2826 Eurypylo
738 2778 834 2814 redit
862 2778 909 2813 ad
936 2777 1137 2819 Achillem,
1163 2784 1203 2813 ut
1233 2790 1317 2813 eum
1348 2782 1517 2812 extremo
1547 2776 1621 2811 dis-

225 2841 370 2877 crimini
400 2842 658 2877 auxiliatorem
684 2848 813 2877 exoret
836 2844 1101 2889 (¹390—404).
1161 2841 1316 2877 Interim
1347 2841 1525 2877 acerrime
1555 2852 1622 2887 pro

224 2907 380 2942 navibus
407 2912 646 2953 propugnant
668 2906 815 2947 Achivi,
838 2906 1005 2952 pluribus
1026 2906 1070 2941 ab
1093 2911 1247 2952 utraque
1276 2910 1379 2952 parte
1404 2904 1622 2940 cadentibus
