1835 3256
659 242 798 278 SUM
817 242 859 278 M
878 242 1058 278 ARIA.
1500 245 1564 279 xlv

164 349 218 386 dit
239 347 428 388 odoribus,
451 351 491 382 ut
511 345 558 381 ad
579 344 807 392 sepulturam
830 344 1019 392 integrum
1036 344 1144 380 duret
1166 346 1349 392 (1—39).
1401 344 1566 381 Achilles

162 413 344 449 advocata
374 410 555 448 concione
584 409 814 445 iracundiam
848 421 953 444 suam
985 408 1188 444 abolitione
1220 407 1374 455 deponit
1406 414 1516 456 atque
1547 423 1566 444 e

162 476 324 525 vestigio
343 475 516 524 proeliuin
538 473 705 522 postulat
727 475 940 521 (40—73).
998 473 1242 520 Agamemno
1263 471 1429 508 vicissim
1449 473 1565 508 confi-

160 547 261 578 tetur
289 552 454 577 errorem
484 551 607 579 suum,
635 538 745 574 simul
773 538 1016 575 reconciliato
1041 537 1140 573 dona
1165 537 1274 572 offert
1301 549 1367 585 per
1391 537 1564 585 Ulyssem

159 606 329 654 legatum
357 604 566 653 promissa:
600 603 666 640 sed
695 615 825 639 eorum
854 603 915 639 ille
945 603 1156 651 negligens,
1182 602 1318 650 quippe
1345 602 1478 638 ultioni
1508 603 1564 638 in-

159 675 298 711 tentus,
319 669 492 718 proelium
512 680 668 716 poscere
694 669 809 704 instat
831 670 973 716 (74—1
985 678 1004 716 5
1013 669 1068 715 3).
1126 667 1296 703 Tandem
1320 667 1482 716 denique
1503 680 1563 704 ce-

159 735 214 772 dit
243 735 383 783 Ulyssi,
412 733 708 781 exspectandum
741 745 823 769 esse
858 733 1028 769 monenti
1060 732 1148 768 dum
1179 733 1296 780 copiae
1329 733 1561 780 pranderint,

160 800 364 849 recipitque
392 812 518 836 coram
547 799 726 835 concione
747 799 846 835 dona
866 805 903 835 et
923 799 1041 847 ipsam
1065 797 1290 840 Briseidem,
1311 799 1565 835 contentionis

160 877 323 906 causam,
355 877 465 912 quam
501 864 679 900 intactam
715 864 871 900 reddere
902 876 942 900 se
974 864 1212 912 Agamemno
1245 875 1309 910 per
1341 863 1562 900 sacrificium

161 929 308 978 adjurat
341 930 607 978 (154—275).
675 929 787 964 Dona
820 941 866 965 ex
905 928 1053 977 publico
1091 928 1174 964 loco
1209 929 1245 963 in
1282 928 1562 965 tabernaculum

160 994 317 1030 Achillis
347 994 638 1035 transferuntur,
671 993 734 1029 ubi
768 993 942 1029 mulieres
971 993 1189 1029 Patroclum
1219 999 1388 1040 gemunt,
1421 1000 1458 1029 et
1488 994 1565 1041 ipsc

161 1058 285 1094 denuo
305 1058 531 1094 lamentatur
553 1058 686 1100 heros;
721 1058 782 1105 qui
803 1058 968 1094 exercitu
991 1057 1114 1093 cibum
1136 1058 1305 1105 capiente
1326 1058 1566 1105 pertinaciter

160 1123 323 1159 abstinet
341 1123 602 1172 (276—339)·
646 1123 684 1158 IS
705 1122 820 1171 igitur
835 1135 857 1158 a
872 1122 1049 1158 Minerva
1064 1122 1158 1158 coelo
1176 1122 1339 1158 demissa
1359 1128 1562 1164 recreatur,

160 1200 248 1223 mox
269 1188 374 1223 novis
395 1187 508 1223 armis
524 1187 747 1236 accingitur,
766 1199 915 1222 currum
936 1186 1156 1223 conscendit
1173 1199 1258 1222 cum
1272 1187 1562 1230 Automedontc‚

160 1258 271 1300 atque
297 1252 433 1288 auditis
453 1265 500 1288 ex
521 1253 639 1288 altero
665 1264 846 1299 equorum
867 1251 953 1288 fatis
974 1251 1050 1287 suis
1077 1252 1259 1299 prodigus
1280 1252 1366 1288 vitae
1387 1252 1424 1287 in
1445 1252 1560 1288 aciem

163 1317 288 1354 educit
310 1319 571 1364 (340—424).

814 1417 900 1454 XX.

214 1501 384 1548 Utroque
414 1500 582 1536 exercitu
612 1500 796 1537 instructo
818 1500 992 1548 ‚Iuppiter
1018 1501 1088 1536 diis
1117 1500 1164 1536 ad
1194 1500 1393 1536 concilium
1419 1502 1560 1538 vocatis

159 1566 342 1615 permittit
372 1571 410 1601 ut
439 1565 593 1613 quisque
624 1566 697 1601 utri
728 1565 818 1602 velit
856 1572 1062 1606 succurrat,
1094 1578 1139 1601 ne
1172 1565 1359 1601 excidium
1388 1566 1560 1614 Trojanis

158 1631 321 1668 Achillis
341 1630 482 1666 saevitia
502 1636 710 1667 maturetur
729 1633 910 1678 (1—30).
970 1631 1028 1667 Ita
1047 1631 1094 1667 ad
1114 1631 1252 1667 bellum
1273 1631 1561 1679 proficiscuntur

158 1695 272 1737 Juno,
304 1695 490 1737 Minerva,
522 1695 739 1743 Neptunus,
771 1695 996 1737 Mercurius,
1024 1696 1228 1738 Vulcanus,
1259 1696 1417 1732 Achivis
1449 1710 1558 1745 opem

157 1760 282 1802 laturi,
305 1759 482 1808 Trojanis
511 1759 630 1802 Mars,
656 1760 806 1808 Apollo,
834 1760 972 1802 Diana,
1004 1761 1163 1805 Latona,
1194 1762 1384 1804 Xanthus,
1409 1762 1556 1798 Venus:

158 1836 288 1860 eorum
314 1824 527 1873 ingressum
548 1824 710 1861 coelestis
729 1825 858 1873 fragor
878 1838 920 1861 ac
940 1831 1081 1862 tremor
1100 1832 1209 1862 terrae
1231 1826 1466 1863 concelebrat
1490 1830 1550 1874 (3¹

159 1880 296 1938 2—74).
354 1889 458 1926 Ante
493 1890 626 1926 initum
661 1891 833 1937 proelium
864 1889 1005 1938 Apollo
1039 1891 1199 1927 AEneam
1232 1892 1397 1928 concitat
1428 1899 1559 1929 contra

159 1954 350 1990 Achillem
371 1954 529 1990 Hectori
556 1955 783 1996 instantem;
814 1955 965 1992 interim
986 1957 1035 1992 dii
1061 1969 1172 1993 suasu
1192 1957 1360 2005 Neptuni
1390 1970 1558 1994 seorsum

159 2019 204 2055 ab
225 2020 303 2055 acie
324 2019 525 2055 considunt
544 2022 582 2068 (7
589 2031 688 2066 5—1
698 2030 718 2068 5
725 2021 781 2068 5).
831 2020 966 2056 Varias
986 2022 1272 2068 provocationes
1293 2022 1460 2070 sequitur
1480 2036 1557 2059 cer-

158 2088 285 2118 tamen
307 2082 470 2119 Achillis
491 2095 576 2119 cum
595 2083 732 2123 AEnea.
751 2096 860 2131 quem
882 2097 1002 2133 regno
1023 2085 1120 2122 inter
1134 2085 1318 2135 Trojanos
1337 2086 1423 2123 fatis
1444 2087 1558 2124 desti-

159 2154 289 2184 natum
311 2148 513 2196 Neptunus
534 2161 600 2196 per
618 2149 793 2184 nebulam
817 2150 982 2198 periculo
1003 2151 1111 2199 eripit
1134 2152 1397 2200 (156—352.)
1457 2153 1558 2189 Hec-

157 2218 218 2248 tor
239 2212 427 2249 Achillem
458 2225 707 2261 aggressurus
736 2220 934 2251 revocatur
958 2216 1003 2251 ab
1024 2215 1225 2264 Apolline;
1258 2217 1425 2254 Achilles
1445 2231 1557 2266 quum

157 2276 249 2313 alios
269 2277 519 2326 Trojanorum
545 2284 626 2314 tum
655 2278 768 2315 etiam
790 2277 1038 2328 Polydorum,
1060 2281 1197 2317 Priami
1226 2282 1356 2324 filium,
1381 2283 1560 2320 interficit

160 2343 200 2389 (3
206 2352 226 2390 5
233 2353 359 2388 3—41
370 2342 425 2389 8).
478 2342 501 2378 J
505 2355 564 2378 am
585 2342 789 2380 fraternam
810 2357 940 2381 necem
961 2345 1107 2381 ulturus
1127 2359 1211 2382 cum
1227 2346 1378 2383 Achille
1399 2361 1557 2397 congre-

158 2405 258 2442 ditur
280 2406 440 2449 Hector,
463 2419 574 2455 quem
595 2408 716 2456 ipsum
734 2422 883 2457 quoque
903 2411 1002 2446 nube
1022 2411 1294 2448 circumdatum
1310 2412 1450 2461 Apollo
1471 2414 1557 2450 sub-

157 2471 260 2508 ducit
293 2472 560 2521 (419—454).
620 2474 778 2510 Ceteros
809 2474 994 2523 Trojanos
1029 2476 1157 2513 dolore
1195 2477 1359 2525 percitus
1390 2477 1560 2515 Achilles

158 2536 336 2581 adoritur,
360 2549 607 2586 campumque
626 2538 725 2574 foeda
751 2543 878 2587 strage
898 2552 1080 2576 caesorum
1108 2547 1219 2589 atque
1246 2555 1434 2578 armorum
1456 2555 1558 2578 com-

159 2600 235 2648 plet
258 2599 524 2650 (455-503)-

801 2701 910 2737 XXI.

212 2777 397 2825 Trojanos
426 2779 560 2826 partim
582 2779 628 2815 ad
650 2780 792 2822 urbem,
813 2782 948 2829 partim
970 2782 1005 2818 in
1028 2782 1225 2819 Xanthum
1249 2782 1558 2831 (Scamandrum)

159 2841 239 2889 agit
265 2842 447 2884 Achilles,
472 2849 511 2879 et
539 2844 666 2880 multis
695 2844 733 2880 in
760 2845 914 2883 flumine
943 2847 1151 2890 trucidatis,
1180 2847 1377 2884 duodecim
1403 2850 1561 2896 juvenes

161 2905 305 2942 vinctos
325 2906 465 2943 inferiis
483 2908 642 2944 Patrocli
664 2917 787 2946 servat
804 2911 987 2958 (1—33).
1047 2911 1194 2948 Ibidem
1212 2912 1440 2961 Lycaonem,
1459 2913 1560 2948 Pria-
