1835 3256
679 227 1076 264 SUMMARIA.
1446 231 1573 268 xxxvii

176 339 274 363 novo
295 327 430 363 marito
451 328 639 376 ignaviam
661 331 876 378 exprobrat,
899 343 986 366 mox
1008 336 1133 367 tamen
1155 344 1237 368 eum
1268 333 1302 367 in
1334 334 1493 380 gratiam
1516 348 1571 371 re-

175 392 263 439 cipit
286 392 324 439 (3
334 392 548 439 83—448).
595 393 654 430 Ita
675 394 836 442 praemiis
856 395 935 431 deae
958 396 1144 432 fruentem
1163 396 1415 433 adversarium
1436 398 1573 435 frustra

175 457 306 503 quaerit
335 456 543 499 Menelaus,
574 458 662 494 dum
693 458 934 507 Agamemno
965 460 1111 507 publice
1142 461 1276 508 repetit
1306 468 1454 509 pactum
1489 476 1570 511 pre-

173 522 266 558 tium
287 522 451 558 victoriae
476 523 679 570 (449—46
690 536 698 559 ι
710 524 737 569 ).

837 640 907 677 IV.

228 713 354 758 Quum
386 727 433 751 ex
463 716 602 752 foedere
636 716 785 752 Helena
817 716 975 753 Achivis
999 717 1191 753 reddenda
1224 718 1443 766 infestaeque
1477 719 1574 755 acies

174 779 392 817 dirimendae
419 787 545 817 essent
571 787 746 829 superato
774 781 918 823 Paride,
949 782 1050 818 Juno
1077 782 1113 818 in
1146 783 1304 819 concilio
1335 783 1488 819 deorum
1517 783 1572 818 in-

175 844 417 892 dignabunda
436 846 486 882 ita
507 859 580 882 non
603 846 744 894 expleri
764 847 890 882 odium
921 860 1029 882 suum
1058 847 1096 882 in
1116 847 1312 896 Troianos,
1333 847 1419 883 Jovi
1446 853 1574 884 extor-

175 914 264 957 quet
282 915 324 945 ut
344 910 413 958 ipsi
433 912 615 947 concedat
640 911 696 947 Ilii
718 911 904 948 excidium
930 912 1115 960 (1—49).
1174 912 1359 954 Minerva,
1381 912 1461 960 ipsa
1481 925 1570 960 quo-

174 986 245 1021 que
265 974 438 1023 Trojanis
457 976 618 1018 inimica,
639 975 665 1012 J
669 976 804 1012 unonis
825 976 979 1012 hortatu
999 977 1045 1012 ad
1066 982 1202 1013 terram
1228 977 1351 1017 missa,
1374 978 1573 1024 persuadet

174 1038 344 1075 Pandaro
365 1040 482 1089 Lycio
502 1046 543 1076 ut
558 1041 661 1088 jacta
680 1041 718 1076 in
739 1041 956 1077 Menelaum
979 1042 1118 1089 sagitta
1141 1041 1354 1089 pactionem
1376 1042 1574 1078 conturbet

173 1117 216 1140 ac
245 1118 381 1141 novam
408 1106 570 1141 bellandi
598 1118 767 1142 caussam
799 1112 897 1142 serat
922 1108 1167 1155 (50—104):
1201 1112 1239 1142 at
1262 1119 1337 1142 non
1367 1107 1468 1142 letali
1493 1107 1571 1142 vul-

174 1181 262 1205 nere
282 1182 499 1217 percussum
521 1171 735 1207 Menelaum
759 1171 959 1207 arcessitus
980 1171 1146 1207 medicus
1167 1177 1271 1208 curat
1293 1172 1456 1207 Machao
1475 1173 1569 1219 (105

173 1239 342 1282 —219).
401 1235 551 1271 Interea
572 1248 699 1271 rursus
726 1236 859 1271 armati
886 1236 932 1271 ad
962 1236 1207 1283 pugnandum
1233 1249 1272 1272 se
1293 1236 1459 1272 referunt
1479 1236 1571 1271 Tro-

166 1297 260 1344 jani,
282 1299 370 1335 dum
392 1299 636 1348 Agamemno
658 1306 827 1336 catervas
848 1298 1084 1336 Achivorum
1115 1300 1206 1340 obit,
1231 1301 1510 1341 nonnullorum,
1535 1307 1574 1336 ut

177 1362 378 1404 Idomenei,
401 1362 577 1411 Ajacum,
598 1363 784 1404 Nestoris,
808 1364 869 1411 qui
884 1365 963 1411 jam
985 1364 1019 1398 in
1042 1364 1237 1411 procinctu
1258 1364 1420 1405 stabant,
1442 1364 1571 1399 alacri-

173 1433 289 1463 tatem
317 1428 487 1469 laudans,
510 1429 679 1472 aliorum,
704 1435 744 1464 ut
765 1428 988 1470 Menesthei,
1014 1428 1171 1476 Ulyssis‚
1195 1429 1401 1470 Diomedis,
1425 1429 1485 1476 qui
1516 1442 1572 1465 re-

172 1497 319 1527 centem
350 1492 531 1540 impetum
562 1493 728 1529 nondum
759 1499 965 1534 senserant,
988 1493 1266 1529 cunctationem
1294 1493 1572 1540 reprehendens

175 1560 440 1604 (220—421).
501 1558 588 1602 Quo
622 1558 721 1594 facto
751 1558 923 1606 prcelium
954 1558 1198 1598 instauratur,
1229 1558 1264 1593 in
1298 1571 1371 1605 quo
1400 1558 1572 1605 Trojanis

173 1621 279 1658 Mars
300 1630 337 1658 et
358 1621 513 1670 Apollo,
536 1621 694 1658 Achivis
721 1630 858 1670 praeter
882 1622 953 1658 alia
972 1622 1127 1658 numina
1149 1622 1321 1657 Minerva
1343 1621 1487 1657 animos
1507 1622 1570 1657 ad-

172 1686 250 1729 dit;
282 1686 475 1734 caedesque
498 1688 592 1723 fiunt
615 1693 753 1723 mutuae
777 1688 1037 1735 (422—n544).

903 1802 944 1837 V.

225 1875 404 1925 Stragem
425 1877 674 1925 Trojanorum
700 1878 922 1914 continuant
943 1877 1104 1917 Achivi;
1137 1883 1223 1913 ante
1253 1889 1384 1912 omnes
1414 1876 1570 1924 insignis

171 1941 388 1983 Diomedes,
411 1942 603 1982 Minervae,
625 1942 790 1977 Martem
811 1942 857 1977 ab
878 1942 956 1978 acie
976 1941 1200 1983 seducentis,
1223 1940 1396 1988 praesidio
1416 1940 1569 1976 ferocis-

171 2007 289 2042 simus
312 2008 495 2055 (1—94).
554 2006 631 2042 Sed
661 2007 739 2053 ipse
766 2019 787 2042 a
807 2007 977 2042 Pandaro
997 2007 1214 2041 vulneratus
1235 2006 1347 2042 etiam
1369 2006 1571 2041 vehemen-

171 2071 246 2107 tius
274 2071 379 2106 saevit
405 2071 442 2106 in
463 2070 592 2106 hostes
614 2070 838 2119 (95—166)
858 2086 865 2106 ι
898 2070 1121 2112 Pandarum,
1144 2076 1254 2106 antea
1273 2070 1448 2118 peditem,
1471 2083 1571 2105 nunc

171 2149 217 2172 ex
251 2135 384 2171 AEneae
420 2147 531 2170 curru
568 2141 814 2182 pugnantem,
855 2135 1031 2170 interficit
1073 2133 1324 2182 (167—296)
1343 2149 1350 2176 ;
1392 2134 1569 2176 AEneam,

171 2200 280 2237 amici
309 2212 444 2249 corpus
473 2205 679 2248 tegentem,
703 2212 794 2235 saxo
815 2200 955 2235 sauciat
975 2200 1247 2247 (297—310);
1279 2198 1431 2240 Veneri,
1453 2199 1570 2235 filium

171 2278 218 2301 ex
240 2277 368 2313 pugna
388 2264 569 2306 efferenti,
593 2264 742 2314 plagam
764 2265 801 2300 in
827 2277 938 2300 manu
958 2264 1095 2311 infligit
1117 2264 1176 2311 (3¹
1194 2265 1381 2310 1—351).
1442 2263 1570 2299 Venus

171 2331 217 2366 ab
247 2330 347 2366 Iride
377 2330 512 2366 educta
540 2342 650 2365 curru
679 2329 817 2366 Martis
847 2329 1038 2366 revehitur
1066 2329 1112 2365 ad
1143 2328 1361 2377 Olympum,
1394 2328 1454 2364 ubi
1489 2341 1570 2365 eam

171 2401 292 2432 mater
312 2395 434 2431 Dione
455 2395 536 2430 sinu
557 2394 671 2438 fovet,
694 2395 753 2430 alii
775 2395 824 2431 dii
855 2395 988 2432 leniter
1007 2394 1163 2430 irrident
1187 2395 1225 2441 (3
1232 2403 1252 2442 5
1262 2396 1450 2440 2—43¹)·
1499 2394 1568 2429 ΔΕ-

171 2474 293 2501 neam,
325 2474 346 2496 a
366 2460 515 2496 Venere
545 2459 778 2501 destitutum,
803 2459 998 2496 Diomedis
1026 2459 1139 2495 furori
1172 2459 1280 2506 eripit
1300 2458 1435 2506 Apollo
1465 2465 1502 2494 et
1532 2459 1567 2494 in

171 2538 256 2561 arce
274 2526 436 2573 Trojana
456 2524 700 2560 recreandum
727 2530 844 2565 curat,
866 2524 976 2560 simul
1005 2524 1171 2559 Martem
1201 2523 1239 2558 in
1270 2522 1386 2558 aciem
1417 2530 1568 2559 revocat

173 2590 434 2638 (432—460).
483 2589 591 2624 Mars
611 2589 658 2624 ad
679 2601 756 2625 rem
777 2589 926 2625 fortiter
945 2589 1150 2636 gerendam
1172 2588 1345 2623 hortatur
1366 2587 1567 2634 Trojanos,

173 2655 305 2703 quibus
325 2656 450 2690 statim
472 2654 615 2689 AEneas
636 2655 783 2702 integer
804 2653 976 2689 subvenit
999 2652 1261 2700 (461—518).
1312 2652 1395 2687 Nec
1417 2652 1570 2700 segnius

172 2725 343 2769 pugnant
374 2718 516 2758 Achivi,
543 2718 811 2766 caedunturque
838 2731 881 2754 ex
910 2718 1076 2764 utrisque
1106 2716 1225 2758 multi,
1258 2718 1294 2752 in
1320 2716 1378 2752 his
1398 2716 1567 2764 Tlepole-

173 2798 255 2821 mus
284 2785 330 2821 ab
356 2783 598 2832 Sarpedone;
629 2783 779 2818 tandem
810 2783 1000 2830 pelluntur
1029 2781 1220 2828 paullatim
1251 2781 1382 2817 Achivi
1416 2779 1570 2828 (519—

176 2852 283 2898 710).
345 2849 418 2885 His
444 2850 495 2884 ita
523 2848 777 2884 laborantibus
798 2859 844 2883 ex
864 2846 1027 2895 Olympo
1050 2846 1272 2894 opitulatum
1294 2846 1449 2882 veniunt
1469 2845 1571 2881 Juno
