1835 3256
675 262 1058 305 PRAEFATIO.
1538 280 1561 306 v

168 371 381 412 Homerici
422 370 597 411 scientia
632 370 784 411 ceteris
824 371 1110 426 grammaticis
1145 371 1337 412 omnibus
1374 372 1563 426 superior

164 437 305 478 fuerit.

223 503 403 544 Diversa
431 504 485 544 ab
519 502 584 543 his
617 504 991 559 grammaticorum
1025 509 1212 544 veterum
1250 504 1561 545 recensionibus

165 571 355 613 codicum
376 571 445 626 qui
475 571 599 612 hodie
626 577 852 626 supersunt
881 572 990 612 ratio
1011 577 1090 622 est,
1114 571 1183 626 qui
1214 571 1310 613 licet
1335 572 1470 612 multa
1491 573 1563 613 ad-
1595 614 1602 619 ,

163 638 360 680 sciverint
381 653 474 693 quae
501 638 753 680 Aristarcho
784 639 929 680 aliisve
960 639 1242 694 antiquiorum
1275 639 1562 680 recensionum

163 706 406 748 auctoribus
434 708 615 762 probata
643 707 770 748 fuisse
791 722 843 748 ex
865 708 1186 749 scholiastarum
1215 708 1564 750 annotationibus

164 775 464 830 cognoscimus,
486 781 628 816 tamen
658 775 793 816 nullus
825 790 969 816 eorum
1001 776 1206 831 integram
1230 783 1303 817 aut
1326 777 1563 818 Aristarchi

164 848 241 884 aut
273 842 394 883 ullius
428 842 535 884 alius
567 843 722 884 veteris
757 844 1026 898 grammatici
1060 844 1341 886 recensionem
1375 845 1561 897 exhibet,

164 910 238 951 sed
259 924 414 959 omneS‚
438 911 706 965 quantumvis
735 925 846 966 saepe
876 911 986 952 inter
1007 927 1051 953 se
1079 912 1379 968 discrepantes,
1403 913 1444 953 in
1474 914 1563 954 uni-

165 992 330 1019 versum
349 983 532 1020 veterem
551 979 758 1033 quendam
781 978 952 1020 incertae
975 984 1019 1020 et
1040 980 1213 1035 originis
1235 987 1277 1022 et
1299 983 1563 1024 auctoritatis

164 1051 330 1087 textum
362 1046 574 1096 exhibent,
606 1061 731 1101 quam
763 1047 982 1099 παράδοσιν
1012 1049 1225 1103 appellare
1261 1049 1396 1090 solent
1426 1065 1565 1105 gram·

163 1113 319 1164 matici,
356 1129 432 1155 nos
473 1114 598 1155 hodie
640 1129 721 1155 non
763 1115 901 1156 minus
934 1116 1107 1158 incertae
1144 1117 1329 1158 notionis
1360 1119 1563 1160 vocabulo

166 1181 398 1237 Vulgatam
435 1196 644 1223 vocamus.
714 1181 959 1237 Cujusmodi
997 1184 1249 1225 editionibus
1281 1186 1368 1239 jam
1401 1192 1564 1227 veteres

166 1248 303 1289 Graeci
336 1254 434 1290 ante
458 1249 841 1290 Alexandrinorum
871 1251 1246 1305 grammaticorum
1278 1258 1470 1306 tempora
1500 1253 1563 1293 usi

165 1322 278 1365 sunt,
299 1317 370 1358 alii
396 1318 765 1367 emendatioribus,
788 1317 858 1358 alii
881 1319 1183 1360 deterioribus:
1218 1320 1268 1360 de
1292 1320 1445 1375 quibus
1473 1326 1564 1362 tan-

164 1390 256 1425 tum
273 1385 425 1426 scimus
443 1391 648 1440 quantum
670 1386 856 1427 locorum
878 1387 1195 1428 Homericorum
1212 1402 1315 1442 quos
1337 1388 1564 1443 scriptores

164 1456 327 1493 veteres
348 1453 483 1495 citant
505 1453 706 1509 plurimos
728 1469 823 1496 cum
845 1455 1167 1496 scholiastarum
1190 1455 1460 1510 codicumque
1494 1472 1564 1498 no-

165 1525 350 1563 strorum
385 1522 635 1563 lectionibus
671 1523 931 1578 comparatio
967 1524 1103 1574 docet,
1137 1538 1249 1578 saepe
1284 1524 1354 1565 illa
1388 1524 1563 1574 incerta,

167 1579 294 1644 quum
322 1605 465 1631 versus
500 1590 716 1631 Homerici
742 1606 768 1632 a
797 1591 941 1632 multis
973 1592 1216 1633 memoriter
1246 1592 1466 1646 minusque
1499 1608 1564 1634 ac-

166 1663 312 1699 curate
333 1658 451 1700 citati
474 1658 571 1708 sint,
593 1658 806 1700 interdum
830 1659 959 1701 etiam
979 1675 1006 1701 a
1025 1660 1306 1714 posteriorum
1327 1665 1565 1716 temporum

166 1726 476 1768 correctoribus
508 1727 564 1768 ad
598 1727 836 1769 recentiora
872 1728 1062 1782 exempla
1096 1728 1229 1769 reficti
1263 1743 1352 1769 esse
1388 1728 1563 1783 possint.

165 1795 268 1836 Non
301 1809 397 1836 raro
428 1800 571 1836 tamen
603 1795 807 1836 lectiones
840 1800 1030 1836 servatas
1061 1810 1152 1836 esse
1179 1796 1367 1837 videmus
1395 1796 1444 1836 iis
1472 1810 1565 1850 quae

166 1877 277 1904 nunc
311 1862 354 1903 in
389 1862 601 1904 codicibus
641 1862 910 1918 reperiuntur
943 1863 1077 1904 multo
1112 1868 1156 1904 et
1192 1863 1486 1918 exquisitiores
1522 1869 1565 1905 et

165 1930 480 1985 probabiliores,
504 1945 682 1986 quarum
706 1931 811 1972 alias
835 1931 1087 1972 Aristarcho
1110 1946 1286 1986 quoque,
1311 1932 1380 1987 qui
1405 1932 1565 1986 primus

164 1999 208 2039 in
234 1998 424 2040 codicum
452 1999 754 2040 auctoritatem
781 1998 958 2053 peritius
989 1998 1250 2054 inquisivisse
1271 2000 1447 2050 videtur,
1470 2015 1566 2055 cog-

165 2066 278 2108 nitas
310 2068 595 2122 probatasque
626 2066 752 2107 fuisse
785 2066 951 2115 scimus,
985 2067 1102 2117 alias,
1129 2067 1210 2109 etsi
1240 2068 1283 2108 in
1311 2068 1565 2109 scholiorum

165 2134 375 2189 excerptis
406 2134 518 2176 nulla
544 2149 689 2176 earum
720 2134 878 2176 mentio
905 2134 967 2183 fit,
991 2135 1182 2191 cognitas
1207 2135 1334 2176 fuisse
1360 2137 1565 2191 conjicere

166 2202 277 2244 licet.
349 2202 430 2251 Sic,
462 2207 509 2244 ut
541 2203 619 2243 hoc
655 2202 846 2257 exemplo
877 2208 987 2253 utar,
1009 2203 1051 2243 in
1079 2203 1268 2244 versibus
1301 2204 1500 2259 Odysseae
1528 2220 1562 2254 Ι,

167 2280 264 2326 35¹⁷
283 2283 365 2326 35²
382 2287 390 2312 ²

341 2343 410 2393 τὴν
430 2345 505 2395 γὰρ
527 2343 662 2394 ἀοιδὴν
680 2346 838 2395 μᾶλλον
860 2343 1097 2385 ἐπικλείονσ·’
1116 2346 1313 2397 ἄνθρωποι

340 2411 420 2460 ἥτις
443 2411 703 2451 ἀκουόντεσσι
725 2410 894 2462 νεωτάτη
916 2412 1196 2464 ἀμφιπέληται,

170 2493 325 2535 Sextus
352 2493 602 2549 Empiricus,
624 2509 664 2550 p.
685 2505 781 2549 259.
803 2494 958 2550 aliique
985 2497 1240 2538 recentiores
1271 2512 1365 2538 cum
1396 2499 1566 2554 vulgata,

167 2576 277 2602 nunc
307 2561 517 2617 scriptura
546 2562 829 2611 consentiunt,
853 2563 978 2605 Plato
1000 2579 1097 2605 vero
1120 2564 1223 2620 Rep.
1247 2581 1287 2621 p.
1309 2579 1395 2619 424
1417 2566 1465 2607 B.
1488 2567 1565 2607 hos

168 2644 310 2672 versus
332 2629 392 2672 sic
414 2630 594 2685 scriptos
615 2630 776 2685 profert
797 2647 806 2672 :

341 2709 412 2761 τὴν
432 2715 508 2762 γὰρ
530 2709 665 2760 ἀοιδὴν
684 2712 841 2760 μᾶλλον
862 2710 1138 2763 ἐπιφρονέουσ’
1156 2713 1351 2763 ἄνθρωποι

340 2777 422 2827 ἥτις
443 2777 690 2818 ἀειδόντεσσι
712 2776 882 2828 νεωτάτη
904 2778 1185 2830 ἀμφιπέληται,

171 2874 254 2914 qua
284 2859 464 2902 lectione
494 2860 683 2916 ineptum
715 2861 816 2902 illud
849 2863 1104 2912 ἐπικλείουσι,
1136 2863 1178 2903 in
1205 2878 1287 2919 quo
1317 2864 1564 2919 explicando
