1835 3256
663 251 809 293 PRAE
821 252 903 292 ΕΑ
915 252 948 291 Τ
967 251 1042 292 ΙΟ.
1442 251 1554 292 xxvii

158 360 268 409 lerit,
288 360 494 415 producto
515 366 541 407 ῖ,
562 363 610 399 ut
630 358 679 399 fit
701 358 742 398 in
765 357 1002 399 nominibus
1023 357 1289 411 polysyllabis
1312 357 1352 397 in
1377 358 1426 408 ι’ἧ,
1442 358 1555 398 velut

158 429 352 479 ὑποδεξίη,
385 428 603 478 ἀκομιστίη,
637 425 740 467 aliis.
804 424 949 480 Neque
976 424 1089 465 enim
1121 424 1261 479 epicos
1293 431 1456 467 veteres
1486 441 1553 467 so-

160 495 260 536 lutae
297 494 353 534 illi
387 493 559 549 genitivi
590 492 878 534 terminationi
907 493 966 534 ita
996 492 1190 533 addictos
1221 492 1347 534 fuisse
1376 498 1425 534 ut
1452 494 1555 535 alias

160 562 310 618 quibus
330 567 466 602 metro
487 561 645 602 consuli
673 565 816 615 posset
837 560 1023 602 rationes
1055 560 1337 610 excluderent,
1360 562 1555 615 frequens

158 631 439 686 genitivorum
480 629 522 669 in
560 635 606 681 φι
642 629 965 670 terminatorum
1005 642 1105 668 usus
1145 628 1284 677 docet,
1319 633 1368 669 ut
1408 628 1556 681 Ἰλιόφι

161 701 283 739 κλυτὰ
303 699 456 751 τεύχεα,
479 697 556 737 ἀπὸ
579 697 772 749 στρατόφι
788 699 1038 748 προτιειλεῖν,
1062 697 1104 736 ἐκ
1126 697 1266 748 θεόφιν
1286 695 1401 748 γένος
1421 696 1491 747 ἦεν
1513 702 1556 737 et

160 780 253 820 quae
284 770 382 807 sunt
402 764 485 806 alia
515 764 767 819 hujusmodi,
790 778 883 818 quae
906 763 1142 805 Ahrensius
1170 778 1210 818 p.
1237 765 1326 816 164.
1348 764 1553 805 recent-io-

158 833 275 874 ribus
310 832 532 887 rhapsodis
565 831 716 873 tribuit
752 831 995 886 conjectura
1034 845 1183 885 parum
1224 831 1441 886 probabili.
1503 832 1557 873 In

161 900 277 941 exitu
298 915 442 941 versus
464 900 692 955 spondiaco
711 900 790 941 Od.
812 913 875 952 14,
894 911 988 955 239.
1010 899 1079 950 ἣεν
1100 899 1332 951 ἀνήνασθαι,
1350 901 1508 953 χαλεπὴ
1524 900 1557 940 δ’

161 969 228 1022 ἔχε
250 969 370 1020 δήμου
398 971 517 1022 φῆμις
545 967 731 1010 dubitari
757 972 900 1022 potest
920 972 1064 1008 utrum
1091 971 1311 1008 contracta
1338 968 1473 1009 forma
1503 982 1556 1009 an

161 1037 299 1078 soluta
330 1037 449 1088 δήμοο
474 1051 573 1077 usus
605 1036 660 1077 sit
687 1042 827 1091 poeta.
889 1035 1078 1077 solutam
1109 1035 1180 1090 qui
1210 1036 1406 1090 probant,
1429 1035 1557 1077 etiam

160 1103 264 1144 alios
285 1104 522 1158 hujusmodi
543 1105 764 1159 spondeos,
780 1107 942 1154 Λητοῦς,
957 1104 1058 1154 Ἠῶ,
1084 1106 1185 1157 ἱδρῶ,
1209 1106 1323 1154 αἰδοῖ,
1342 1119 1393 1145 ex
1410 1104 1557 1158 quinto

161 1172 267 1226 pede
287 1171 522 1213 hexametri
548 1186 761 1212 removere
782 1172 997 1213 debebunt
1018 1171 1290 1213 restituendis
1318 1172 1462 1212 formis
1493 1187 1558 1213 so-

161 1239 262 1280 lutis
282 1241 446 1289 Λητόος,
470 1241 586 1289 Ἠόα,
611 1241 730 1292 ἱδρόα,
753 1242 866 1286 αἰδόϊ,
891 1240 1003 1294 quod
1025 1240 1156 1280 voluit
1178 1240 1422 1281 Gerhardus
1441 1240 1556 1282 Lect.

162 1307 358 1362 Apollon.
391 1323 429 1362 p.
457 1320 549 1360 145.
581 1307 790 1361 probante
821 1307 1083 1347 Buttmanno
1106 1307 1294 1347 Gramm.
1320 1308 1394 1348 Gr.
1420 1308 1497 1349 vol.
1522 1322 1556 1349 1.

161 1390 204 1430 p.
228 1376 319 1416 186.
344 1375 413 1429 qui
444 1374 487 1415 in
509 1389 629 1416 versu
653 1375 852 1429 Odysseae
884 1375 1003 1426 δήμοο
1028 1378 1147 1427 φῆμις
1174 1375 1406 1430 proposuit,
1430 1391 1559 1430 quum

163 1443 409 1484 Grex-hardus
438 1442 576 1483 locum
606 1442 716 1482 hunc
741 1441 879 1482 verbis
906 1442 1177 1496 transpositis
1207 1443 1458 1483 correxisset
1487 1461 1559 1497 χα-

164 1511 268 1561 λεπὴ
290 1510 409 1562 δήμου
430 1509 462 1550 δ’
487 1510 555 1563 ἔχε
583 1513 715 1561 φῆμις,
739 1509 877 1549 minus
907 1509 1194 1565 probabiliter.
1256 1510 1315 1551 Et
1340 1511 1560 1552 fatendum

164 1593 264 1620 sane
285 1578 492 1633 spondeos
513 1578 605 1618 illos
629 1577 817 1619 duriores
852 1592 943 1618 esse
969 1592 1095 1632 quarn
1120 1577 1209 1631 ὄφρ’
1234 1579 1276 1619 εὗ
1306 1582 1440 1626 πᾶσαι,
1469 1579 1558 1632 ὄφρ’

165 1647 207 1688 εὖ
230 1648 344 1702 εἰδῇς,
367 1645 457 1686 ἀλλ’
482 1647 524 1686 εὗ
554 1646 659 1688 εἰδώς
683 1645 726 1685 in
747 1645 864 1686 exitu
886 1652 1068 1700 quatuor
1089 1646 1268 1687 aliorum
1289 1662 1495 1698 versuum,
1517 1648 1560 1688 in

166 1712 315 1768 quibus
338 1714 379 1754 εὖ
400 1728 494 1754 cum
517 1715 627 1756 εἰδώς
649 1713 713 1754 vel
736 1714 838 1764 εἰδῇς
859 1715 1130 1768 conjunctum
1150 1714 1272 1755 unius
1294 1714 1429 1756 instar
1444 1715 1559 1756 verbi

165 1786 242 1822 est.
304 1780 385 1821 His
406 1781 598 1822 omnibus
620 1780 791 1822 remotis
812 1796 918 1822 unus
944 1782 1184 1836 hujusmodi
1206 1797 1349 1823 versus
1370 1788 1561 1824 remanet

168 1848 217 1889 Il.
242 1862 303 1898 10,
330 1861 423 1904 299.

336 1941 424 1981 οὐδὲ
444 1942 517 1991 μὲν
538 1941 627 1981 οὐδὲ
644 1944 780 1993 Τρῶας
801 1940 998 1993 ἀγήνορας
1020 1940 1120 1981 εἵασ”
1135 1941 1306 1993 ‘'Ex-rom,

165 2035 214 2071 ut
235 2044 344 2070 nunc
365 2044 418 2070 ex
439 2044 522 2070 uno
544 2029 695 2069 nullius
714 2029 812 2070 fidei
833 2029 939 2070 libro
964 2029 1281 2071 Vratislaviensi
1311 2031 1464 2086 legitur
1484 2046 1560 2086 pro

168 2100 313 2147 εἴασεν,
345 2098 457 2152 quod
488 2097 522 2138 si
552 2102 747 2153 correpta
779 2097 938 2152 syllaba
971 2098 1202 2152 penultima
1235 2098 1372 2140 dicere
1403 2100 1561 2154 placuit

166 2170 329 2220 poetae,
363 2180 445 2206 non
475 2166 608 2221 magis
639 2165 875 2207 mirandum
911 2181 1038 2221 quam
1070 2167 1182 2221 quod
1214 2168 1440 2222 λελόγχασι
1473 2182 1560 2208 cor-

166 2238 288 2288 repta
309 2233 468 2288 syllaba
487 2233 719 2288 penultima
740 2233 848 2275 dixit
870 2233 950 2274 Od.
975 2247 1037 2285 11,
1060 2247 1157 2289 303.

339 2328 538 2366 τεθνᾶσιν·
568 2325 681 2376 τιμὴν
702 2325 743 2365 δὲ
764 2325 1015 2378 λελόγχασιν
1036 2324 1106 2365 ἶσα
1127 2328 1292 2372 θεοῖσιν,

168 2414 280 2468 quod
312 2413 440 2454 fuisse
473 2413 542 2469 qui
575 2415 796 2468 λελόγχασ’
833 2415 1016 2457 seribere
1052 2416 1224 2457 mallent
1254 2431 1307 2457 ex
1342 2416 1561 2458 Eustathii

167 2481 443 2523 annotatione
465 2482 755 2537 cognoscitur:
779 2497 861 2537 quo
882 2497 965 2523 non
986 2484 1165 2525 multum
1186 2484 1416 2539 proficitur,
1436 2499 1562 2539 quum

169 2549 253 2590 alia
273 2549 465 2604 quaedam
492 2550 768 2605 correptionis
795 2551 919 2605 hujus
944 2552 1136 2607 exempla
1156 2553 1268 2607 apud
1290 2552 1394 2593 alios
1414 2558 1562 2608 poetas

170 2620 340 2670 reperta
373 2615 456 2656 sint
489 2616 638 2670 quibus
678 2617 882 2660 correctio
922 2618 992 2659 illa
1031 2619 1221 2660 adhiberi
1256 2619 1418 2673 nequit,
1450 2620 1563 2661 velut

173 2682 452 2737 Xenophanis

343 2775 383 2823 ἐξ
406 2774 526 2827 ἀρχῆς
549 2774 629 2814 καθ’
646 2773 839 2827 ”Ομηρον,
865 2776 948 2816 ἐπεὶ
967 2777 1214 2827 μεμαθήκασι
1235 2778 1389 2828 πάντες,

174 2875 255 2914 quo
277 2876 397 2902 versu
420 2862 688 2904 Herodianus
710 2864 847 2905 utitur
867 2865 907 2905 in
930 2865 1036 2906 libro
1064 2867 1151 2918 περὶ
1179 2868 1369 2920 διχρόνων
1401 2881 1440 2920 p.
1467 2868 1561 2921 296.
