1835 3256
263 240 385 279 xxxiv
777 239 1156 280 1¹1<A⁴21‹‘A'1‘1‹›.

262 346 492 400 ACscliylus
519 361 697 400 quoqne.
731 360 857 400 quum
887 345 1033 400 plurali
1069 360 1241 386 munero
1272 360 1377 401 opus
1409 346 1585 386 liaberet
1615 344 1654 384 in

266 415 400 455 vorsis
429 430 461 454 v.
486 429 552 467 49.
582 417 739 454 στεῦται
762 413 791 453 δ’
827 415 930 465 ἱεροῦ
962 415 1132 463 Τμώλου
1160 413 1328 455 πελάται
1360 413 1496 454 dicero
1530 427 1653 468 quam

260 485 437 524 formam
472 482 716 522 inusitatam
740 485 923 522 στεΐψται
953 482 1111 535 fingere
1142 481 1362 523 maluerit:
1394 482 1444 522 de
1467 497 1549 536 quo
1570 481 1655 521 ‹lixi

260 551 299 591 in
327 551 580 592 l‘rwsationc
611 550 665 591 ad
697 550 949 604 ACschylum
982 565 1020 604 p.
1046 565 1146 590 xvn.
1169 551 1232 590 cd.
1257 552 1393 590 Oxou.
1426 551 1654 591 sccun(lae⁰.

263 619 368 659 Aliis
391 618 640 673 quibusdam
665 617 800 658 verbis
831 617 871 657 in
905 618 1019 659 nulla
1040 632 1224 672 unquam
1247 618 1428 659 dialecto
1456 633 1654 673 augmen-

259 694 348 728 tum
370 687 607 728 adhibitum
630 701 719 726 osse
742 686 918 727 videtur.
983 686 1200 740 Ejusmodi
1224 690 1288 727 cst
1310 686 1421 727 verbi
1456 687 1551 738 ἔρδω
1581 686 1655 726 im-

259 757 488 810 perfectum
531 755 655 807 ἕρδον,
693 755 810 809 cujus
851 755 985 795 forma
1024 760 1251 809 augmento
1293 755 1502 796 instructa
1540 755 1657 806 ἦρὸου

260 824 419 865 Graccis
440 823 614 864 auribus
640 838 722 863 non
752 822 888 863 minus
920 822 1088 864 insolita
1118 823 1341 864 accidisset
1363 839 1486 878 quam
1509 822 1541 862 si
1565 822 1657 877 quis

258 891 490 939 contrario,
526 891 577 931 de
611 905 694 945 quo
728 905 854 945 supra
890 890 1092 939 dicebam,
1130 891 1231 932 vitio
1268 892 1386 931 ἔλθοι)
1423 905 1498 945 pro
1534 891 1657 941 ἦλθον

259 958 536 1012 pronunciare
560 958 772 999 voluisset.
836 958 948 998 Hinc
981 958 1179 1013 explicari
1212 963 1355 1013 potest
1377 958 1487 1013 quod
1520 957 1656 998 Hero-

258 1026 396 1073 dotus,
421 1026 488 1081 qui
512 1032 785 1079 angmentum
809 1030 852 1066 et
874 1025 1114 1079 ¹syllabicum
1138 1030 1181 1066 et
1202 1026 1434 1080 temporalo
1465 1040 1546 1065 non
1569 1040 1656 1066 ma-

256 1091 320 1146 gis
344 1107 468 1147 quam
491 1093 712 1147 quisquam
743 1092 848 1133 alius
879 1107 1014 1146 prosa}
1045 1092 1249 1133 orationis
1279 1092 1460 1147 scriptor
1482 1092 1656 1139 omittit,

259 1164 400 1200 tamen
432 1165 474 1200 et
512 1160 805 1216 imperfectum
839 1160 938 1201 illud
975 1160 1089 1201 verbi
1124 1161 1249 1213 ἔρδειν
1282 1165 1325 1201 et
1352 1159 1434 1201 alia
1465 1159 1658 1214 quaedam

257 1228 385 1269 verba
406 1229 679 1270 verborumve
701 1230 856 1270 formas
879 1229 930 1269 ab
952 1229 1161 1270 communi
1193 1229 1337 1285 regula
1358 1232 1547 1269 exemtas
1569 1241 1658 1269 esse

258 1296 403 1345 voluit,
425 1297 477 1338 de
499 1312 581 1352 quo
603 1297 688 1337 dixi
720 1297 760 1336 in
787 1297 1142 1338 commentatione
1170 1297 1221 1338 de
1243 1297 1423 1337 dialecto
1447 1295 1656 1337 Herodoti

258 1380 297 1419 p.
322 1380 409 1405 xxl.
434 1380 535 1406 xxn.
554 1381 561 1406 :
595 1380 837 1420 quanquam
859 1365 899 1405 in
922 1365 985 1406 his
1008 1365 1206 1405 nonnulla
1228 1369 1326 1406 sunt
1348 1365 1388 1406 in
1412 1363 1564 1419 quibus
1586 1378 1654 1405 ve-

258 1448 353 1474 reor
375 1448 425 1475 ne
456 1434 721 1475 librariorum
754 1449 830 1474 nos
860 1433 1099 1474 ludificetur
1130 1433 1427 1488 imprudentia,
1450 1433 1564 1473 velut
1584 1432 1658 1472 im-

256 1502 486 1557 perfectum
522 1503 695 1554 dyc'veov,
727 1503 838 1557 quod
868 1502 901 1542 si
933 1517 1027 1542 cum
1054 1507 1281 1558 augmento
1318 1501 1399 1543 dici
1432 1501 1571 1557 potuit
1603 1501 1657 1542 ab

258 1570 444 1610 Homero
469 1570 516 1610 Il.
540 1571 603 1619 18,
625 1583 724 1624 493.

373 1639 533 1691 ἠγίνεον
555 1640 629 1679 dv&
652 1640 763 1685 ἄστυ,
787 1638 908 1681 πολὺς
930 1637 960 1678 δ’
983 1637 1163 1689 ὑμέναιος
1184 1640 1334 1691 ὀρώρει,

258 1705 385 1747 etiam
406 1707 460 1747 ab
485 1706 707 1747 Herodoto
729 1706 808 1746 dici
830 1706 983 1761 potuit,
1007 1706 1124 1761 cujus
1150 1705 1191 1747 in
1219 1706 1337 1747 libris
1367 1721 1477 1748 nunc
1498 1708 1659 1760 ἀγίνεον

257 1774 460 1829 scriptum
483 1773 683 1815 videmus.

317 1842 411 1883 Has
432 1841 561 1898 igitur
583 1856 687 1897 quas
709 1856 837 1897 supra
858 1841 1032 1897 exposui
1063 1856 1233 1883 normas
1260 1841 1294 1882 si
1316 1841 1358 1882 in
1388 1841 1561 1882 Homeri
1593 1856 1658 1882 ce-

258 1916 529 1965 terorumque
551 1909 764 1966 epicorum
792 1910 1046 1951 carminibus
1077 1910 1302 1964 sequimur,
1331 1910 1487 1965 passim
1518 1910 1658 1950 detra-

257 1979 358 2019 here
383 1984 656 2033 augmentum
688 1978 759 2019 ubi
786 1978 980 2019 additum
1005 1983 1083 2026 est,
1115 1978 1248 2019 multo
1280 1978 1434 2033 saepius
1458 1978 1658 2019 omissum

257 2048 311 2088 ab
334 2047 514 2089 librariis
546 2047 739 2103 supplere
772 2046 1028 2088 debebimus.
1091 2046 1291 2088 Codicum
1322 2047 1415 2096 etsi,
1452 2051 1501 2087 ut
1531 2061 1659 2101 supra

258 2115 462 2165 dicebam,
486 2116 640 2171 exigua
670 2115 714 2156 in
743 2115 821 2156 hac
852 2129 897 2155 re
929 2115 1031 2155 fides
1053 2119 1132 2164 est,
1151 2119 1292 2156 tamen
1314 2115 1347 2155 si
1370 2116 1462 2169 quis
1494 2115 1659 2156 univer-

258 2199 349 2226 sam
381 2184 602 2239 scripturae
634 2183 923 2224 diversitatem
957 2183 1160 2224 librorum
1192 2191 1236 2224 et
1271 2183 1658 2238 antiquissimorum

258 2258 303 2295 et
344 2253 613 2308 optimorum,
655 2252 911 2307 perlustrare
952 2251 1077 2300 volet,
1118 2252 1298 2306 plurima
1332 2267 1439 2294 verae
1482 2252 1658 2294 rationis

260 2321 436 2376 vestigia
457 2320 756 2376 deprehendet.

308 2462 323 2479 ⁰
354 2456 397 2490 In
430 2456 628 2500 fragmento
664 2454 804 2488 Pindari
832 2454 874 2488 de
904 2466 973 2500 quo
1003 2455 1050 2488 ibi
1077 2454 1161 2496 dixi,
1196 2454 1291 2489 κλῦθ’
1321 2454 1466 2495 Ἀλαλὰ,
1494 2455 1656 2498 Πολέμου

260 2502 418 2547 θύγατερ,
443 2501 446 2547 Ι
468 2500 490 2547 ᾇ
507 2502 620 2536 θύεται
638 2501 756 2546 ἅνδρες
780 2501 864 2544 ὑπὲρ
889 2502 1010 2537 πόλιος
1029 2502 1126 2544 (nam
1144 2501 1251 2536 verba
1267 2502 1351 2546 ὑπὲρ
1367 2504 1488 2537 πόλιος
1515 2514 1556 2536 ex
1582 2502 1655 2536 He-

259 2549 405 2583 rodiano
426 2549 504 2594 περὶ
531 2549 715 2593 σχημάτων
740 2560 773 2591 p.
787 2547 842 2587 60,
862 2559 915 2592 13,
932 2553 1024 2581 recte
1046 2548 1192 2582 inseruit
1212 2547 1406 2593 Hauptius)
1424 2549 1482 2582 τὸν
1500 2549 1656 2593 ἱρόθυτον

261 2596 415 2636 θάνατον,
442 2602 474 2629 et
500 2607 557 2629 me
583 2601 616 2629 et
639 2595 724 2628 alios
747 2594 838 2638 fugit
862 2600 941 2638 post
964 2594 1106 2629 θάνατον
1129 2594 1297 2629 excidisse
1319 2596 1469 2636 τλάντες,
1499 2595 1593 2641 quod
1619 2596 1655 2629 in

260 2643 359 2676 initio
377 2642 466 2677 tertii
484 2653 606 2676 versus
625 2642 778 2686 positum
797 2641 872 2674 fuit.
