1835 3256
647 249 1027 291 PRAEFATNJ.
1400 252 1528 293 xxxiii

133 359 208 400 sat.
231 372 271 412 p.
290 358 387 398 lxvi.
441 356 548 398 Nam
570 357 837 397 omissionem
858 357 1073 411 augmenti
1096 371 1146 396 ex
1170 370 1304 410 prosae
1327 357 1531 397 orationis

133 425 414 466 monumentis
449 439 541 479 quae
582 428 807 479 supersunt
839 423 998 478 liquido
1031 428 1292 478 compertum
1329 424 1532 465 habemus

133 507 268 548 neque
290 493 442 534 Ionicae
471 507 605 547 neque
630 492 752 533 ullius
773 492 878 534 alius
900 491 1069 533 dialecti
1090 490 1318 547 propriam,
1341 492 1412 533 sed
1436 506 1532 546 poe-

134 560 189 601 tis
220 560 331 611 solis,
364 575 612 615 quacunque
644 559 825 601 dialecto
853 563 1089 608 uterentur,
1121 573 1365 601 concessam
1392 559 1531 608 fuisse,

134 633 204 688 qui
226 634 304 675 hac
326 633 522 675 libertate
550 637 725 689 propter
745 633 944 674 metricas
971 633 1157 675 rationes
1178 633 1408 688 saepissime
1429 648 1534 689 opus

133 702 351 743 haberent.
415 702 481 742 Ex
504 716 586 757 quo
618 702 809 757 sequitur
839 705 1114 756 augmentum
1147 706 1189 742 et
1221 701 1466 756 syllabicum
1492 708 1535 742 et

133 770 376 825 temporale,
401 777 448 811 ut
469 774 670 812 constans
691 770 780 824 ejus
802 774 866 810 est
897 769 939 810 in
971 784 1095 824 prosa
1116 770 1309 812 oratione
1339 784 1451 820 usus,
1474 769 1536 811 ita

133 853 185 880 ne
216 838 259 879 in
290 844 510 894 poetarum
533 838 700 894 quidem
732 838 899 893 scriptis
930 853 1107 893 usquam
1130 853 1220 879 esse
1241 839 1534 886 omittendum,

133 906 212 947 nisi
253 907 323 948 ubi
366 907 589 949 omittendi
635 906 743 948 ratio
784 906 935 948 idonea
970 907 1088 947 reddi
1122 907 1268 962 possit.
1332 907 1536 948 Rationes

133 979 277 1016 autem
314 976 539 1017 omittendi
577 976 713 1030 poetis
749 975 879 1030 epicis
916 976 1152 1030 ceterisque
1189 976 1258 1031 qui
1294 980 1430 1017 metro
1466 977 1535 1017 he-

134 1043 249 1084 roico
278 1048 322 1085 et
349 1044 531 1101 elegiaco
562 1044 626 1084 usi
653 1048 751 1084 sunt
776 1043 913 1098 poetis
944 1049 1031 1085 tres
1061 1044 1323 1098 potissimum
1352 1044 1533 1085 fuerunt.

137 1112 295 1153 Earum
331 1113 467 1167 prima
500 1113 542 1153 in
583 1112 707 1154 metri
741 1112 994 1153 necessitate
1030 1113 1229 1163 cernitur,
1260 1113 1372 1153 velut
1408 1127 1536 1168 quum

136 1179 348 1221 Homerus
368 1183 436 1231 βῆ,
459 1180 604 1232 βάλλε,
630 1181 796 1229 καίοντο,
828 1179 962 1230 κήδετο
992 1179 1099 1221 dixit
1131 1181 1202 1221 ubi
1235 1185 1414 1222 metrum
1447 1182 1532 1231 ἔβη,

136 1248 304 1300 ἔβαλλε,
329 1250 520 1298 ἐκαίοντο,
545 1249 701 1299 ἐκήδετο
724 1263 807 1289 non
829 1249 970 1297 ferret,

247 1319 302 1367 βῆ
324 1316 354 1357 δ’
379 1316 503 1357 ἀκέων
525 1318 630 1366 παρὰ
653 1320 742 1357 θῖνα
763 1316 1089 1369 πολυφλοίσβοιο
1113 1319 1330 1367 θαλάσσης.

249 1383 385 1434 βάλλ’·
420 1385 494 1425 αἰεὶ
516 1385 558 1425 δὲ
579 1385 696 1436 πυραὶ
719 1385 864 1425 νεκύων
887 1385 1043 1425 καίοντο
1065 1386 1232 1435 θαμειαί.

250 1450 384 1502 κήδετο
408 1453 481 1503 γὰρ
505 1455 690 1500 Δαναῶν,
714 1452 773 1492 ὅτι
794 1453 843 1503 ῥα
864 1452 1106 1502 θνήσκοντας
1129 1454 1255 1502 ὁρᾶτο.

136 1520 330 1562 Secunda
364 1519 474 1561 ratio
511 1520 552 1560 in
589 1520 798 1575 elegantia
834 1521 958 1562 metri
992 1520 1132 1575 posita
1163 1525 1238 1568 est,
1263 1520 1375 1561 velut
1408 1536 1535 1575 quum

134 1591 407 1643 augmentum
430 1587 673 1642 syllabicum
689 1593 763 1630 aut
781 1602 951 1629 caesurae
975 1602 1125 1630 caussa
1146 1588 1373 1639 omittitur,
1391 1595 1467 1630 aut
1489 1595 1536 1630 ut

136 1656 398 1711 dactylorum
413 1655 650 1698 volubilitas
672 1657 868 1711 spondeis
889 1656 1151 1712 interpositis
1173 1661 1446 1713 temperetur,
1462 1663 1537 1699 aut

136 1724 356 1779 euphoniae
378 1739 538 1771 caussa,
563 1723 629 1765 cui
657 1724 882 1779 plurimum
906 1725 1180 1766 tribuendum
1212 1725 1254 1765 in
1283 1725 1536 1767 carminibus

136 1793 192 1834 ad
214 1791 505 1834 recitationem
528 1792 819 1847 compositisa:
852 1794 903 1834 de
925 1808 1007 1849 quo
1027 1808 1179 1848 genere
1202 1794 1343 1834 multae
1367 1800 1537 1835 exstant

137 1865 181 1903 et
201 1865 389 1903 veterum
411 1866 453 1902 et
474 1860 754 1902 recentiorum
774 1862 1089 1903 observationes
1117 1861 1273 1916 partini
1295 1867 1422 1903 certae
1442 1878 1537 1917 par-

137 1929 216 1971 tim
246 1929 583 1970 dubitationibus
614 1929 819 1978 obnoxiae,
847 1944 975 1984 quum
1007 1944 1118 1984 saepe
1149 1929 1219 1970 vix
1250 1930 1304 1971 ad
1334 1930 1537 1986 liquidum

136 1997 308 2052 perduci
329 1997 463 2052 possit
484 2011 700 2052 quousque
721 1998 857 2051 poetis
878 1998 919 2037 in
941 2002 1169 2052 augmento
1199 2002 1374 2052 propter
1393 1998 1536 2053 hujus-

138 2065 252 2106 modi
273 2080 443 2107 caussas
464 2065 700 2106 omittendo
727 2066 954 2120 procedere
975 2065 1193 2120 placuerit.
1256 2066 1403 2107 Tertia
1424 2067 1537 2116 deni-

139 2148 219 2188 que
240 2132 352 2174 ratio
374 2133 426 2173 ad
447 2138 565 2174 certa
586 2133 780 2187 quaedam
803 2134 930 2175 verba
954 2134 1140 2188 pertinet
1161 2135 1213 2175 ab
1235 2133 1536 2189 antiquissimis

138 2201 274 2256 poetis
305 2206 494 2256 accepta,
529 2215 704 2255 quorum
741 2215 816 2242 nec
844 2201 999 2242 formas
1037 2205 1202 2242 mutare
1236 2215 1311 2242 nec
1344 2206 1537 2256 tempora

138 2270 202 2311 vel
223 2269 368 2311 modos
385 2284 468 2310 non
484 2268 667 2310 usitatos
687 2269 845 2324 fingere
868 2269 1089 2310 voluerunt
1111 2269 1366 2324 posteriores
1386 2275 1535 2324 poetae.

140 2337 208 2378 Ex
243 2353 325 2392 quo
365 2352 517 2393 genere
559 2338 731 2378 verbum
768 2341 932 2388 στεῦμαι
973 2343 1050 2386 est,
1088 2338 1206 2392 cujus
1242 2338 1335 2379 duae
1368 2343 1537 2379 tantum

138 2407 284 2447 formae
314 2410 497 2457 exstant,
521 2405 649 2447 tertia
677 2419 857 2461 persona
887 2406 1108 2460 praesentis
1138 2420 1312 2447 numero
1334 2405 1535 2461 singulari

141 2477 297 2516 στεῦται
318 2478 361 2515 et
382 2473 614 2529 imperfecti
638 2473 816 2522 στεῦτοῐ),
840 2488 921 2514 non
951 2475 1134 2515 ἐστεῦτο;
1166 2475 1277 2515 unde
1298 2475 1457 2516 factum
1490 2483 1536 2515 ut

189 2613 208 2631 a
233 2607 291 2642 Sic
310 2607 519 2654 Il.14‚347.
547 2616 638 2644 recte
663 2610 832 2654 scriptum
850 2611 941 2644 τοῖσι
960 2609 988 2642 δ’
1006 2609 1071 2643 ὑπὸ
1087 2609 1182 2654 χθὼν
1198 2609 1252 2667 1δῖοι
1269 2608 1357 2666 φύεν
1373 2608 1536 2652 νεοθηλέα

142 2654 252 2698 ποίην,
270 2665 342 2688 non
360 2654 401 2688 δι
421 2656 537 2700 ἔφυεν,
555 2667 627 2690 non
651 2656 767 2690 solum
784 2661 926 2700 propter
942 2667 1113 2690 caesuram
1131 2656 1213 2689 κατὰ
1231 2656 1345 2699 τρίτον
1362 2657 1533 2700 τροχαῖον,

143 2700 204 2735 sed
222 2701 325 2735 etiarn
343 2702 426 2747 quia
441 2701 652 2747 adjectivum
677 2702 732 2736 δῖα
758 2703 900 2746 plenum
927 2701 1040 2736 audiri
1065 2714 1171 2747 quam
1197 2702 1340 2736 alteram
1366 2701 1535 2747 syllabam

142 2753 333 2792 augmento
350 2747 529 2782 absorberi
546 2748 747 2793 praestabat.
799 2747 906 2785 Quod
923 2759 995 2782 non
1013 2748 1129 2782 cadit
1122 2760 1157 2782 m
1175 2749 1335 2782 voculam
1354 2748 1466 2794 qualis
1484 2755 1536 2782 est

143 2793 192 2834 δέ,
210 2794 305 2828 velut
324 2793 365 2828 Il.
386 2805 441 2835 22,
455 2805 533 2840 294.
552 2794 613 2828 ubi
629 2794 708 2828 libri
726 2800 817 2828 recte
835 2792 1015 2839 Δηΐφοβον
1032 2794 1059 2828 δ’
1079 2795 1202 2835 ἐκάλει,
1221 2806 1292 2828 non
1311 2795 1347 2828 δέ
1366 2795 1470 2828 κάλει.

190 2838 209 2863 b
236 2839 422 2875 Praesentis
438 2852 588 2886 persona
611 2841 722 2886 prima
739 2843 892 2885 στεῦμαι,
911 2852 989 2885 qu‘e
1008 2853 1103 2875 nune
1125 2841 1276 2885 legitur
1269 2853 1303 2874 in
1324 2840 1456 2885 Orphei
1479 2841 1514 2874 1
1508 2853 1534 2874 ι-

144 2885 246 2921 thicis
264 2899 296 2921 v,
315 2887 371 2922 82.
391 2887 434 2922 ab
457 2887 660 2922 Hermanno
679 2887 757 2921 ficta
774 2894 836 2921 est.

828 2959 848 2983 C
