1835 3256
684 258 1068 299 PRAEFATIO.
1490 272 1572 297 xxv

184 369 295 420 107.)
317 368 388 408 ἕως
418 365 479 406 vel
516 366 588 407 ἕως
621 365 695 415 μέν
728 364 1030 419 respondentes
1066 363 1143 403 sibi
1182 363 1311 404 habet
1348 362 1575 416 particulas

177 436 305 486 τόφρα
326 433 380 474 δέ.

841 531 919 571 IV.

235 646 273 679 2,
287 645 340 687 32
344 643 385 687 5.
408 634 475 672 ὅου
499 631 612 674 κλέος
633 631 766 672 οὔποΗ
782 629 955 685 ὀλεῖται]
982 630 1144 671 Eadem
1165 629 1424 685 pronominis
1445 630 1580 670 forma

176 700 340 741 duobus
370 700 462 741 aliis
492 699 533 740 in
565 699 664 740 locis
694 698 916 753 reperitur,
940 698 1018 739 Od.
1048 712 1084 746 1,
1105 709 1170 751 70.
1210 699 1278 738 ὅου
1315 697 1453 750 κράτος
1486 699 1578 739 ἔσκε

175 769 376 822 μέγιστον,
414 772 457 809 et
491 767 533 808 in
571 767 801 808 Homerico
838 767 992 822 hymno
1026 766 1068 806 in
1101 765 1341 820 Apollinem
1381 780 1389 805 ι
1399 767 1468 819 56.
1505 766 1576 806 ubi

176 837 322 878 eadem
344 850 436 891 quae
468 836 510 876 in
538 835 681 876 Iliadis
703 849 821 876 versu
845 835 973 875 verba
1006 835 1073 875 ὅου
1107 834 1223 876 κλέος
1255 835 1385 875 οὔποτ’
1408 835 1572 874 ὀλεῖται.

176 904 286 945 Eam
308 906 404 944 κατὰ
431 903 688 954 πλεονασμὸν
709 906 776 943 τοῦ
805 919 826 943 ο
851 916 928 957 pro
955 902 1000 942 οὗ
1028 900 1185 942 dictam
1213 914 1304 941 esse
1329 914 1412 940 non
1440 900 1574 940 solum

176 971 403 1019 Eustathii,
427 986 549 1026 quem
570 986 606 1011 v.
629 986 668 1025 p.
686 984 707 1013 2
713 983 780 1025 30,
797 973 835 1011 6.
866 980 986 1025 1279,
1001 981 1088 1024 52„
1109 969 1182 1010 sed
1206 968 1439 1010 Herodiani
1467 969 1573 1009 adeo
1629 1019 1633 1023 “

175 1040 315 1096 opinio
345 1039 439 1088 fuit,
467 1039 501 1079 si
536 1038 789 1080 sententiam
819 1038 909 1093 ejus
944 1042 1059 1079 recte
1091 1036 1258 1078 rettulit
1280 1036 1422 1091 Etym.
1450 1037 1511 1077 M.
1533 1051 1573 1091 p.

175 1111 272 1161 614,
287 1109 369 1162 36„
391 1107 572 1148 absurde
594 1106 878 1160 comparantis
900 1107 1030 1158 ὥρακα
1050 1109 1095 1145 et
1117 1106 1277 1157 ἑώρακα,
1301 1105 1413 1159 quod
1434 1118 1574 1145 recen-

174 1176 296 1218 tioris
315 1175 466 1230 linguae
480 1174 627 1215 vitium
649 1178 713 1214 est
730 1190 738 1214 ε
772 1188 870 1215 nam
887 1177 1050 1214 veteres
1070 1187 1155 1213 una
1175 1176 1420 1214 constanter
1439 1172 1576 1213 forma

175 1244 240 1285 usi
275 1248 374 1284 sunt
408 1244 561 1295 ἑόρακα,
594 1242 648 1282 ab
681 1241 857 1282 Ionibus
892 1241 934 1281 in
968 1242 1098 1293 ὥρακα
1129 1245 1361 1281 contracta.
1425 1241 1573 1294 Neque

175 1312 254 1353 hoc
291 1314 548 1366 aperuerunt
587 1309 862 1364 grammatici,
898 1309 1009 1349 unde
1051 1313 1313 1362 compertum
1349 1308 1575 1349 habuerint

176 1379 289 1434 quod
321 1377 555 1432 antiquitus
591 1376 794 1431 scriptum
825 1381 918 1418 erat
948 1379 1037 1423 OO,
1061 1377 1128 1416 ὅου
1165 1376 1305 1430 potius
1341 1376 1575 1431 significare

176 1462 302 1503 quam
323 1448 381 1487 ὅο.
443 1444 551 1486 Nam
573 1448 621 1485 ut
641 1444 773 1485 literae
805 1462 849 1485 οο
880 1444 922 1484 in
952 1443 1096 1485 multis
1117 1443 1328 1485 vocabulis
1361 1444 1404 1484 in
1437 1461 1480 1485 ov
1513 1444 1574 1484 di-

175 1516 439 1572 phthongum
453 1513 774 1563 contrahuntur,
789 1512 850 1553 ita
866 1512 1152 1567 diphthongus
1169 1529 1214 1552 ου
1227 1512 1314 1552 vice
1330 1526 1449 1553 versa
1470 1512 1511 1552 in
1529 1530 1573 1553 οο

176 1583 373 1625 solvenda
400 1587 505 1629 erat,
529 1595 611 1635 quo
642 1580 770 1621 etiam
799 1580 970 1635 genitivi
1002 1580 1195 1620 secundae
1228 1580 1516 1621 declinationis
1548 1595 1574 1621 a

175 1650 312 1706 poetis
340 1649 380 1689 in
405 1655 465 1689 διδ
486 1648 701 1689 terminati
734 1648 956 1696 ducebant,
980 1647 1049 1702 qui
1072 1647 1173 1688 nihil
1193 1647 1306 1688 aliud
1328 1652 1426 1689 sunt
1448 1663 1574 1702 quam

177 1720 320 1760 formae
342 1717 384 1757 in
401 1734 445 1757 οο
462 1716 624 1764 solutae,
642 1716 716 1756 sed
735 1716 861 1757 metri
884 1730 1033 1756 caussa
1054 1715 1142 1756 iota
1162 1715 1320 1756 inserto
1342 1716 1573 1770 productae,

175 1785 289 1826 velut
320 1785 438 1825 ἵππου
468 1784 585 1824 ἵπποο
617 1784 777 1824 ἵπποιο;
812 1797 905 1837 quae
940 1782 1162 1837 productio
1198 1782 1328 1823 etiam
1363 1782 1574 1824 vocalibus

177 1871 219 1896 εο
251 1868 302 1894 ex
333 1870 378 1893 ov
409 1851 554 1892 solutis
584 1851 813 1892 adhibetur
842 1866 868 1892 a
899 1851 1050 1905 poetiS‚
1072 1850 1185 1892 velut
1215 1852 1309 1902 ἐμοῦ
1339 1850 1426 1901 ἐμέο
1455 1853 1572 1902 ἐμεῖο.

176 1921 291 1962 Bene
326 1921 416 1961 haec
451 1919 591 1960 omnia
627 1919 842 1974 perspexit
879 1919 1166 1960 Buttmannus
1203 1918 1391 1959 Gramm.
1424 1919 1502 1959 vol.
1541 1934 1572 1959 ι.

175 2000 345 2045 p.305.‚
372 1988 451 2029 etsi
481 2003 564 2028 non
592 1987 709 2034 vidit,
741 1987 853 2041 quod
884 1987 1152 2041 postmodum
1183 1987 1420 2028 observavit
1442 1987 1499 2027 H.
1527 1987 1573 2028 L.

176 2056 411 2098 Ahrensius
447 2055 489 2095 in
520 2054 736 2095 Ritschelii
775 2055 926 2094 Museo
962 2054 1168 2095 Rhenano
1189 2054 1266 2095 vol.
1291 2067 1327 2094 2.
1350 2056 1407 2105 (a.
1439 2056 1574 2109 1843.)

176 2140 217 2180 p.
243 2126 303 2175 16,
332 2138 460 2178 seqq.‚
496 2122 668 2178 genitivi
704 2122 817 2163 illam
853 2121 1192 2163 terminationem
1233 2122 1275 2162 in
1312 2139 1356 2162 οο
1393 2122 1575 2163 solutam

176 2192 303 2234 etiam
332 2191 424 2232 aliis
451 2191 494 2230 in
521 2190 757 2231 nominibus
785 2195 828 2231 et
855 2189 1132 2231 substantivis
1153 2195 1197 2231 et
1222 2189 1441 2244 adjectivis
1471 2190 1574 2230 obli-

177 2266 360 2302 teratam
391 2260 434 2300 in
464 2259 718 2300 carminibus
741 2258 976 2299 Homericis
1002 2273 1104 2307 esse,
1127 2258 1239 2299 velut
1270 2258 1310 2298 in
1337 2258 1575 2299 nominibus

179 2330 338 2378 Αἰόλου,
353 2329 611 2379 Ἀσκληπιοῦ,
631 2327 764 2378 Ἰλίου,
780 2328 943 2380 Ἰφίτου,
968 2329 1120 2380 ἀγρίου,
1138 2329 1306 2380 ἀνεψιοῦ
1326 2327 1369 2368 in
1385 2327 1574 2368 versibus

179 2396 323 2452 quales
355 2400 454 2436 sunt
491 2395 570 2436 Od.
600 2409 662 2443 10,
690 2397 758 2450 36.
793 2398 896 2446 δῶρα
931 2398 1022 2447 παρ’
1057 2397 1202 2436 Αἰόλου
1233 2395 1572 2448 μεγαλήτορος-τ

179 2464 228 2504 Il.
255 2478 292 2512 2,
313 2477 408 2518 731.
431 2468 507 2504 τῶν
528 2464 611 2504 αὖθ’
632 2464 822 2516 ἡγείσθην
843 2463 1086 2514 Ἀσκληπιοῦ
1108 2465 1174 2504 δύο
1195 2467 1322 2504 παῖδε.
1356 2463 1484 2516 Il.15,
1504 2465 1570 2504 66.

177 2532 299 2573 Ἰλίου
328 2532 637 2584 προπάροιθε-.
699 2531 747 2571 Il.
775 2543 811 2580 2,
841 2531 938 2585 518.
971 2531 1073 2574 υἱέες
1095 2533 1245 2584 Ἰφίτου
1276 2533 1571 2584 μεγαθύμου-η

179 2599 232 2640 Il.
257 2612 322 2647 22,
344 2613 441 2654 313.
473 2600 624 2652 ἀγρίου,
647 2601 822 2651 πρόσθεν
852 2600 893 2639 δὲ
920 2598 1039 2641 σάκος
1061 2604 1139 2640 etc.
1224 2599 1272 2639 Il.
1299 2611 1358 2652 15,
1380 2609 1478 2653 554.
1511 2600 1572 2639 ἐν-

177 2667 360 2719 τρέπεται
380 2669 503 2719 φίλον
523 2667 615 2717 ἦτορ
638 2669 807 2719 ἀνεψιοῦ
835 2665 1050 2716 κταμένοιο.
1115 2666 1277 2717 Quibus
1306 2667 1348 2706 in
1378 2666 1573 2721 genitivis

178 2734 338 2789 syllaba
359 2734 590 2789 penultima
610 2734 816 2788 producta
836 2747 927 2774 csse
949 2733 1070 2788 vulgo
1094 2733 1291 2783 creditur,
1315 2733 1412 2788 quia
1435 2739 1572 2775 metro

177 2801 302 2843 aliter
321 2802 514 2857 adaptari
536 2816 621 2842 non
642 2801 871 2856 potuerint,
890 2801 1083 2856 opinione
1100 2801 1162 2843 vel
1179 2807 1402 2856 propterea
1424 2816 1572 2856 parum

178 2870 382 2924 probabili
407 2871 516 2925 quod
540 2870 650 2911 nulla
671 2869 905 2910 istiusmodi
926 2870 1248 2923 productionum
1271 2869 1463 2924 exempla
1479 2869 1571 2910 aliis
