1835 3256
647 257 1027 299 PRAEFATIO.
1456 261 1537 301 xvii

145 366 187 406 in
209 370 344 414 textu,
367 366 530 416 λύοιμεν
551 365 593 405 in
613 379 744 419 marg.
767 379 793 405 a
813 379 867 405 m.
890 378 970 405 rec.
1180 366 1269 405 128.
1295 367 1440 420 φυκτα]
1469 373 1540 419 φυ-

146 435 285 484 λακτᾶ,
307 433 381 474 sed
402 435 530 486 φυκτὰ
551 432 594 473 in
614 433 812 474 lemmate
833 431 991 473 scholii.
1197 432 1292 473 288.
1315 433 1435 483 ἀξίου,
1458 448 1541 473 non

147 502 255 551 ἀξιοῦ
427 502 523 555 436.
545 501 644 555 438.
668 500 793 554 ἠ-ἠ]
821 500 877 551 ἥ-
888 500 928 550 -ἥ
1081 512 1179 553 450.
1203 499 1292 540 ἀλλ’
1315 500 1399 550 ἤτοι
1420 502 1542 552 φίλον

145 569 230 609 ἐστὶ
265 568 307 608 in
339 573 476 617 textu,
510 567 601 609 ἀλλ’
641 570 677 609 εἴ
706 585 766 608 τοι
802 568 920 620 φίλος
953 566 1038 607 ἐστὶ
1069 566 1110 607 in
1147 581 1276 622 marg.
1311 582 1337 608 a
1370 581 1424 607 m.
1459 582 1539 608 ree.

145 669 243 720 467.
265 646 446 722 affl-repo}
621 669 717 716 488.
740 645 782 709 ε”ν
957 680 1054 723 497.
1076 668 1162 721 πέρὶ
1183 668 1335 724 duplici
1353 675 1541 710 accentu.

147 770 245 823 526.
268 746 552 821 κατατεθνεῆὣτι
827 780 926 824 532.
950 769 1251 822 ἀμφιμάχεσθαι
1271 770 1541 824 conjunctim.

147 868 246 923 587.
270 845 454 912 τένοντῖπς
663 869 757 920 670.
781 872 921 921 χρῖσον
942 835 973 907 ‘i’
1186 880 1206 921 7
1223 883 1231 909 ι
1247 882 1279 909 1.
1304 847 1545 922 ἀλευέίμενος

148 979 244 1022 772.
269 946 556 1022 δουρῖιπεπήγει

205 1051 247 1095 P,
266 1061 338 1099 40.
362 1049 542 1101 φρόντιδι
563 1047 659 1101 (hoc
680 1049 875 1101 accentu)
982 1050 1069 1088 161.
1095 1048 1280 1100 τεθνηιώς
1390 1061 1478 1104 177.
1502 1052 1545 1091 ἆ-

1504 1129 1534 1145 σι

147 1149 315 1201 φείλατο
337 1149 379 1189 in
400 1152 536 1198 textu,
561 1150 750 1200 ἀφείλετο
773 1148 815 1188 in
837 1163 967 1203 marg.
991 1163 1017 1189 a
1037 1163 1090 1190 m.
1114 1164 1193 1191 rec.
1342 1163 1436 1194 202.
1461 1155 1546 1193 ε’στι

384 1227 393 1241 ι
816 1227 825 1241 ι

150 1260 246 1301 227.
269 1226 477 1290 τεθυὲιῶτα
641 1261 734 1303 231.
757 1253 833 1290 τῶν
996 1250 1091 1305 603.
1116 1250 1271 1298 ἔλπετο,
1295 1265 1377 1291 non
1398 1252 1546 1302 ἤλπετο

147 1321 195 1357 ut
217 1316 312 1357 Vill.
471 1318 497 1357 6
499 1327 568 1372 53.
591 1318 835 1369 μεγαθυμον]
860 1318 1086 1369 μεγαθύμου
1248 1330 1342 1372 724.
1366 1321 1548 1372 αἵραντας

146 1383 187 1423 in
208 1388 346 1434 textu,
368 1386 548 1436 αἴροντας
569 1398 595 1425 a
616 1398 670 1424 ln.
695 1398 776 1424 rec.
799 1383 841 1424 in
863 1398 994 1438 marg.

1146 1472 1180 1488 ξω

205 1499 251 1546 Σ,
273 1508 342 1547 42.
365 1495 492 1548 ἀγαυή
513 1495 609 1550 (hoe
629 1497 836 1548 accentu).
990 1509 1081 1536 100.
1105 1496 1197 1548 ἄρῆς
1352 1509 1442 1548 124.
1466 1500 1546 1539 ἀδι-

149 1573 219 1637 νὲυ
377 1607 471 1651 153.
494 1573 644 1637 λαόοτε
667 1595 713 1649 (i.
729 1610 763 1636 e.
786 1597 881 1636 λαοί
899 1598 956 1649 τε)
1120 1608 1211 1651 173.
1233 1575 1550 1648 περιτεθνεηιῶτος

152 1709 245 1748 174.
277 1697 315 1737 οἳ
335 1698 377 1738 δὲ
399 1674 639 1749 ἐρύσσαεσθαι
835 1709 930 1750 227.
963 1696 1006 1736 τὸ
1038 1698 1080 1738 δὲ
1112 1701 1197 1738 δαῖε
1224 1698 1266 1737 in
1288 1700 1424 1744 textu,
1447 1698 1491 1738 τὸ
1514 1698 1544 1739 δ’

148 1765 254 1806 ἔδαιε
280 1779 335 1806 m.
364 1779 446 1806 ree.
478 1765 522 1805 in
556 1779 689 1820 marg.
881 1777 976 1820 233.
1013 1766 1238 1820 ἆμφεσταν]
1281 1767 1548 1818 ἇμφέστασαυ

150 1845 246 1885 242.
279 1832 427 1884 ὁμοιΐου
457 1833 670 1884 πτολέμοιο
702 1833 805 1885 (non
836 1833 1048 1886 πολέμοιο)
1080 1833 1149 1874 Sic
1180 1833 1334 1874 iterum
1365 1839 1414 1883 Φ,
1449 1847 1543 1888 294.

299 1903 318 1926 λ
802 1912 811 1926 ι

151 1945 247 1986 247.
270 1934 338 1988 ἔχε
535 1947 628 1989 299.
653 1934 814 1977 ἕκαστος
1007 1947 1103 1989 323.
1126 1937 1345 1988 μετεφώνει
1366 1950 1460 1976 cum
1483 1953 1543 1988 γρ.

147 2002 374 2054 μετεφώνεε
508 2002 605 2056 381.
630 2001 813 2041 Versum
834 2001 876 2041 in
898 2005 1020 2042 textu
1042 2001 1241 2042 omissum
1262 2003 1468 2057 supplevit
1490 2018 1545 2043 m.

149 2069 334 2110 secunda
364 2068 407 2109 in
438 2083 570 2124 marg.
594 2071 636 2110 ἐν
657 2069 784 2109 ἄλλωι
816 2069 877 2109 καὶ
901 2069 1026 2118 οὗτος,
1049 2070 1175 2121 τόφρα
1205 2072 1241 2110 οἱ
1274 2072 1440 2123 ἐγγύθεν
1462 2076 1543 2112 eto.

150 2170 246 2224 398.
269 2169 368 2213 θέτις
385 2136 421 2211 {⁸
549 2171 645 2224 476.
670 2146 725 2211 ἐντΓ
839 2180 937 2223 477.
963 2146 1150 2222 xparepifv
1282 2184 1378 2224 500.
1402 2178 1546 2224 πιφαυ-

151 2270 273 2324 σκωυ]
314 2271 585 2322 πιφραύσκων,
626 2275 675 2311 ut
724 2284 852 2324 supra
901 2274 949 2319 K,
983 2271 1081 2323 478.
1259 2284 1356 2325 512.
1408 2250 1546 2325 ἔέργὲιν

149 2349 247 2393 531.
273 2338 412 2390 εἰράων
432 2338 476 2378 in
498 2342 632 2387 textu,
652 2338 772 2390 ἰ’ράων
793 2353 847 2378 m.
869 2352 951 2379 rec.
975 2338 1017 2378 in
1041 2353 1172 2393 marg.
1332 2353 1430 2395 539.
1456 2342 1546 2392 ὡμί-

150 2444 260 2486 λεου,
282 2438 354 2479 sed
375 2453 481 2480 corr.
500 2440 672 2491 ὡμίλευν
788 2453 888 2494 540.
909 2416 1237 2482 κατατεθνέιῶτας
1352 2453 1451 2495 550.
1467 2447 1543 2492 βα-

151 2505 318 2556 σιλήϊον,
341 2520 435 2546 cum
458 2524 518 2560 γρ.
539 2506 770 2558 βαθὺλήϊον,
791 2520 868 2560 pro
889 2520 972 2560 quo
1001 2520 1057 2547 m.
1085 2521 1166 2547 ree.
1198 2507 1240 2546 in
1270 2521 1401 2562 marg.
1422 2512 1544 2559 βαθυ-

151 2573 265 2623 λήϊον
403 2577 500 2626 560.
523 2576 655 2614 πολλὰ
675 2574 866 2622 πάλυνον,
888 2574 961 2614 sed
982 2573 1024 2613 in
1044 2588 1176 2628 marg.
1198 2589 1224 2614 a
1244 2589 1297 2614 m.
1321 2589 1402 2615 rec.
1425 2575 1541 2616 πόλλ’

152 2640 350 2681 ἐπάλυνον
522 2653 619 2695 571.
658 2643 834 2692 ἁμαρτῆι,
870 2641 942 2681 sed
979 2642 1139 2693 ὁμαρτῆι
1175 2641 1216 2680 in
1253 2656 1383 2696 marg.
1424 2657 1449 2683 a
1486 2657 1540 2682 m.

152 2721 232 2748 rec.

208 2800 256 2843 T,
284 2808 345 2847 17.
369 2774 664 2850 imofiheqbo'zpiiiiae
687 2799 746 2852 (A
769 2812 830 2852 pr.
853 2813 907 2838 m.
929 2797 1130 2852 scriptum
1163 2802 1256 2838 erat
1289 2829 1297 2838 .
1316 2830 1324 2837 .
1345 2829 1352 2838 .
1376 2804 1478 2849 φαρο
1502 2831 1508 2838 .
1532 2832 1538 2838 .

150 2869 194 2905 et
216 2864 344 2905 erasis
364 2863 497 2905 literis
518 2865 739 2919 postremis
760 2871 996 2905 correctum
1017 2866 1091 2913 ων)
1237 2879 1253 2905 1
1270 2879 1329 2918 17.
1353 2866 1374 2916 ἡ
1397 2868 1438 2906 δὲ
1461 2867 1541 2907 κύει

828 2933 855 2971 b
