1835 3256
220 208 273 248 xii
736 208 767 247 Ι·
783 207 977 247 11.Α«)1«“Λ
996 206 1029 245 Τ
1047 206 1120 245 w.

1459 305 1474 319 0

223 332 320 385 836.
344 331 560 385 ἆπορυυσε]
583 332 805 382 ἀπόρουσεν
1015 332 1111 384 851.
1134 331 1230 381 ὑπερ
1254 328 1385 382 ζυγον]
1407 328 1621 380 ὑπερζυγὸν

224 400 319 452 894.
343 399 432 453 ὀΐω]
461 400 527 438 οἵω
609 400 703 450 899.
727 398 890 451 ιἰνωγει]
919 398 1089 449 ἀνώγειν
1176 409 1272 451 900.
1296 395 1485 450 πασσων]
1509 395 1621 435 πάσσ

221 482 313 507 cum
355 465 601 521 cotnpondio
639 466 749 519 qnod
788 482 831 506 εν
867 465 1090 517 significat.
1155 464 1237 504 Sed
1275 463 1403 504 voluit
1443 464 1622 503 fortasse

222 535 391 581 πάσσας,
416 539 463 574 ut
485 533 657 587 conjicit,
679 533 880 574 Cobetus.

283 674 326 711 Z.
343 682 411 722 51.
449 668 623 722 ἔπειθεν]
654 667 993 722 ὃιιροιᾞιενὶρϊιιιη
1017 669 1146 719 ὄρινεν
1350 678 1418 720 55.
1441 665 1520 721 τιη]
1545 666 1582 706 τί
1601 664 1623 715 ἡ

223 752 276 792 59
301 737 435 790 φέροι]
466 738 683 790 Superscr.
707 736 817 789 φέρει
1043 747 1108 789 71.
1129 735 1365 790 τεθνῃωτας]
1394 737 1625 785 τεθνηιῶτας

227 817 291 860 77.
314 806 425 859 ὑμμι]
456 807 546 855 ὔμμι
616 815 688 858 145
711 806 1029 856 τιη-ἐρεεινεις]
1056 805 1094 844 τί
1112 804 1365 856 ὴ-ἐρεείνης
1434 812 1519 856 153.
1545 802 1580 857 ὁ]
1604 801 1624 842 ’ὸ

678 883 694 896 η

231 909 322 961 158.
345 907 551 960 φερτερος]
582 883 768 958 (ρέρτερὲς
900 907 987 945 160.
1014 905 1252 960 ἐπεμῃιὊιτο]
1282 903 1514 954 ἐπεμήνατο,
1538 902 1626 943 sine

225 974 328 1022 iota,
344 975 589 1029 pariterque
612 973 651 1012 in
674 973 766 1014 aliis
789 972 1026 1025 hujusmodi
1050 972 1234 1022 novistis,
1249 971 1400 1026 quibus
1423 971 1510 1011 iota
1532 970 1628 1010 sub-

225 1042 395 1096 scripsit
424 1041 692 1089 Villossonus,
722 1041 835 1081 velut
871 1040 1109 1092 τεκμήραντο
1143 1055 1179 1079 ν.
1202 1053 1302 1094 349,
1342 1039 1501 1090 κατέκηε
1527 1039 1626 1090 418.

227 1111 309 1151 Sed
333 1110 568 1160 ἇνήινασθαι
596 1113 639 1149 ot
662 1108 926 1159 ἀπηνήιναντο
949 1112 1014 1149 est
1038 1112 1089 1156 II,
1109 1121 1176 1162 93.
1204 1110 1291 1162 185.
1324 1107 1395 1148 ubi
1426 1121 1572 1161 margo
1602 1121 1629 1147 a

225 1194 279 1219 m.
305 1193 386 1219 rec.
412 1178 633 1228 ἀνήνασθαι
655 1181 698 1218 et
720 1176 979 1228 ἀπηνήναντο.
1116 1187 1208 1230 170.
1230 1176 1418 1230 ἠνωγειν]
1445 1176 1626 1227 ἠνώγειν,

226 1281 250 1321 i.
271 1294 304 1320 e.
327 1280 472 1332 ἠνώγει
661 1280 750 1319 226.
778 1276 921 1332 ἐγχεα]
947 1254 1069 1331 ἕγχέα
1258 1288 1350 1331 237.
1375 1294 1436 1317 και
1457 1276 1626 1332 πυργον]

229 1381 442 1436 Superser.
469 1381 531 1421 καὶ
551 1380 683 1433 φηγὸν
817 1391 910 1435 245.
935 1380 1120 1431 πλησιον]
1149 1379 1321 1430 πλησίον
1460 1391 1554 1431 279.
1581 1396 1629 1420 συ

227 1459 294 1514 γε]
320 1460 368 1501 σὺ
389 1461 462 1510 μὲν
602 1460 695 1513 285.
720 1459 908 1514 ἆτερπου]
933 1458 1115 1510 ἄτέρπου,
1139 1473 1192 1498 m.
1215 1472 1294 1498 rec.
1320 1457 1361 1498 in
1383 1472 1514 1514 marg.
1538 1459 1630 1511 ἄτερ

228 1545 302 1568 που
479 1528 572 1579 287.
597 1527 812 1580 ἀολλισαν]
842 1527 1069 1566 ἀόλλισσαν
1244 1526 1336 1565 288.
1361 1524 1623 1578 κατεβήσετο]

409 1572 427 1586 α

231 1595 472 1647 κατεβήσετο
591 1607 688 1649 321.
714 1593 878 1650 ἕποντα]
903 1594 1045 1635 ἕποντα
1069 1593 1165 1648 (sie)
1304 1604 1400 1647 372.
1424 1592 1628 1649 ἐϋπεπλῳ]

231 1663 430 1704 εὐπέπλωι
451 1666 494 1703 eb
516 1662 724 1702 εὐπέπλων
745 1661 859 1716 378..
892 1661 963 1702 Sed
997 1662 1236 1712 ἐϋπλόκαμοι
1257 1661 1354 1715 380.
1374 1662 1470 1716 385.
1535 1660 1632 1701 Non

230 1735 400 1771 constat.
421 1730 498 1771 sibi
520 1730 561 1770 in
585 1730 739 1771 talibus
761 1731 904 1771 codex.
1209 1731 1304 1784 376.
1329 1730 1469 1783 δμωαι]
1495 1729 1633 1780 δμωιαὶ

231 1800 327 1855 380.
347 1799 444 1854 385.
467 1801 612 1853 Τρωαι]
639 1799 787 1851 Τρωιαὶ
889 1810 989 1849 442.
1013 1798 1217 1852 Τρωαδας]
1245 1797 1446 1849 Τρωϊάδας
1531 1798 1632 1849 464.

231 1899 460 1955 τεθνειωτα]
485 1877 695 1941 τεθνέιῶτα
816 1910 914 1953 477.
938 1900 1172 1954 ἀριπρεπεα]
1201 1876 1418 1952 ἆριιπρεπέα
1532 1909 1631 1951 479.

488 1976 514 1991 oc

235 2001 384 2055 εἰπῃσι]
410 2002 556 2051 εἵπηισι
590 1998 649 2039 Et
671 2000 773 2039 εἴποι
793 1997 835 2038 in
857 1997 1013 2038 scholio
1035 2002 1078 2039 et·
1098 1998 1295 2039 lemmate
1317 1996 1474 2038 scholii.
1535 2010 1631 2052 494.

234 2100 495 2156 ἐγγεγαασιν]
521 2077 761 2153 ἐνγεγάασιν

295 2245 348 2292 Η,
372 2254 431 2282 12.
456 2238 671 2293 ἐϋχαλκου]
701 2237 896 2291 εὐχάλκου
1013 2251 1080 2292 31.
1105 2238 1172 2292 ὡς]
1201 2237 1252 2280 ὣς
1368 2238 1436 2292 63.
1460 2237 1542 2291 ἐπι]
1572 2236 1636 2277 ἔπι

238 2325 305 2366 90.
328 2312 372 2351 ὁν
393 2308 475 2350 ποτ’
499 2307 774 2361 ἀριστευοντα]
811 2324 873 2359 γρ.
897 2306 1017 2347 ὅντιν’
1039 2307 1199 2356 ἄριστον
1233 2305 1345 2355 Hoc¹
1361 2305 1431 2359 qui
1464 2305 1635 2360 Scripse-

237 2383 337 2419 run‘o
359 2378 475 2418 ἐόντα
495 2375 651 2417 addere
673 2375 922 2416 debuerunt.
1016 2388 1109 2427 109.
1134 2375 1223 2415 οὐδε
1244 2376 1296 2428 τι]
1324 2372 1449 2414 οὗδέτι
1542 2385 1635 2425 144.

1347 2451 1380 2466 Ga

237 2477 435 2530 ὑποφθας]
464 2493 526 2528 γρ.
552 2476 613 2516 καὶ
635 2474 809 2518 ἀναστάς
976 2487 1071 2528 207.
1094 2475 1230 2529 τευχη]
1260 2476 1377 2528 τεύχη
1540 2486 1634 2528 234.

240 2544 418 2598 Αἶαν-]
448 2543 575 2583 Hunc
595 2558 762 2583 versum
782 2543 912 2584 habet
933 2542 974 2582 in
995 2557 1126 2598 marg.
1149 2558 1175 2584 a
1195 2557 1250 2583 m.
1272 2557 1354 2583 ree.
1540 2554 1635 2595 243.

240 2615 365 2662 λαθρη
387 2612 647 2667 ὄπιπτευσας]
671 2611 811 2663 λάθρηι
831 2612 1048 2654 ὀπιπεύσας
1206 2623 1300 2665 250.
1323 2626 1498 2652 παντοσε
1521 2609 1630 2662 ἶσην]

241 2710 507 2762 παντοσεΐσην
618 2714 713 2768 263.
735 2713 803 2766 ὡς]
832 2714 882 2755 ὣς
985 2726 1081 2766 294.
1099 2730 1149 2753 συ
1169 2712 1221 2766 τ’]
1244 2689 1326 2752 σύζ-’
1442 2711 1539 2765 316.
1563 2712 1637 2749 διε-

542 2789 559 2802 fl.

242 2813 377 2865 χευον]
404 2811 581 2865 διέχευον
698 2813 796 2865 326.
819 2812 1063 2866 ἐϋφρονέων]
1092 2813 1135 2853 ἕῦ
1157 2812 1337 2865 φρονέων
1357 2819 1399 2853 et
1421 2811 1478 2852 sic
1499 2824 1636 2865 saepe.
