1835 3256
656 241 1040 282 PRAEFATIO.
1451 241 1552 282 xxxi

155 345 421 402 grammatici
457 346 712 402 scripturam
742 347 963 402 antiquam
996 350 1027 387 E
1062 349 1240 386 ΔΕΎΡΟ
1274 349 1393 386 ΜΕΝ
1427 360 1502 400 pro
1533 345 1556 397 ἢ

155 415 274 466 δεύρω
303 414 379 465 μέν
406 413 546 468 potius
567 414 813 469 acciperent
840 429 966 468 quam
987 428 1063 469 pro
1084 413 1107 465 ἢ
1129 416 1241 465 δεῦρο
1262 413 1344 464 μέν.
1408 413 1556 454 Tribui

154 487 298 522 tamen
319 481 397 522 hoc
421 481 656 523 Herodiani
682 481 930 523 auctoritati
961 486 1010 523 ut
1036 495 1119 522 non
1146 481 1412 536 repudiarem
1435 483 1556 533 δεύρω

154 549 197 589 in
217 549 524 604 antiquioribus
545 549 758 590 codicibus
786 549 1015 600 inventum,
1039 549 1394 603 quemadmodum
1411 548 1558 589 etiam-

155 631 255 656 num
276 622 418 658 exstat
438 617 480 657 in
501 617 643 658 codice
675 617 900 659 Marciano
921 617 976 667 A,
1000 631 1051 657 ex
1073 631 1156 670 quo
1181 616 1311 657 tacite
1342 616 1384 656 id
1415 616 1558 671 posuit

156 683 427 735 Villoisonus,
450 685 726 741 agnoscitque
747 685 988 726 scholiasta.

789 798 919 838 VIII.

213 891 253 933 3,
271 889 368 930 447.
389 877 413 928 ἦ
438 879 488 930 ῥα
518 877 580 917 καὶ
610 877 707 930 ἦρχε
736 877 911 931 λέχοσδε
944 876 1050 931 κιών]
1075 877 1142 918 Sic
1166 876 1370 931 Heynius.
1438 877 1556 919 Libri

155 959 299 986 omnes
320 946 431 999 ἄρχε.
496 944 606 985 Leve
627 945 706 985 hoc
728 945 762 985 si
781 945 881 1001 quid
902 945 1028 994 aliud,
1052 945 1126 986 sed
1147 950 1290 986 tamen
1313 945 1463 1001 insigni
1484 946 1557 987 do-

156 1018 352 1054 cumento
374 1017 439 1054 est
460 1027 587 1067 quam
607 1014 816 1054 absonum
837 1013 893 1054 sit
914 1013 1104 1054 fallacem
1126 1013 1168 1053 in
1190 1012 1256 1053 his
1277 1013 1402 1054 rebus
1430 1013 1556 1054 libro-

155 1096 249 1122 rum
269 1081 568 1122 auctoritatem
589 1081 752 1123 ratione
773 1081 981 1136 potiorem
1003 1081 1180 1122 habere:
1213 1079 1294 1120 nisi
1317 1080 1409 1134 quis
1439 1095 1555 1123 arca-

156 1164 255 1191 nam
285 1150 497 1204 quandam
529 1149 737 1191 rationem
769 1149 1010 1205 excogitare
1040 1149 1140 1189 velit
1176 1163 1251 1188 cur
1286 1148 1365 1189 hoc
1397 1163 1481 1189 uno
1512 1149 1556 1190 in

155 1218 246 1258 loco
278 1218 375 1271 ἄρχε
406 1218 495 1258 sine
525 1222 753 1273 augmento
785 1217 1051 1258 scribendum
1083 1216 1151 1264 sit,
1185 1216 1283 1256 licet
1313 1216 1406 1270 plus
1429 1231 1555 1270 quam

156 1291 326 1326 centum
347 1285 439 1326 aliis
459 1285 502 1325 in
524 1285 712 1325 versibus
738 1284 916 1325 Homeri
947 1283 1218 1338 plurimisque
1249 1283 1426 1324 aliorum
1457 1298 1555 1338 poe-

156 1357 297 1394 tarum
326 1352 428 1393 locis
458 1352 557 1406 ἦρχε
588 1353 712 1406 ἦρχον
744 1353 882 1405 ἐξῆρχε
919 1351 1104 1405 ἐξήρχετο
1139 1357 1182 1392 et
1214 1350 1298 1392 alia
1333 1366 1427 1392 cum
1454 1367 1555 1407 aug-

155 1426 299 1461 mento
321 1419 572 1461 scribantur.
636 1419 778 1460 Multo
800 1419 935 1473 major
955 1418 999 1458 in
1020 1418 1112 1459 aliis
1138 1417 1274 1459 verbis
1295 1418 1485 1473 plurimis
1505 1419 1554 1460 li-

156 1489 328 1530 brorum
358 1488 646 1529 inconstantia
677 1493 754 1536 est,
785 1487 847 1528 ita
882 1492 930 1528 ut
971 1486 1093 1527 facile
1127 1492 1334 1541 appareat
1361 1487 1557 1528 librarios

156 1556 258 1596 nihil
293 1571 470 1610 usquam
505 1556 609 1597 certi
642 1555 802 1596 consilii
835 1555 878 1595 in
910 1560 1140 1609 augmento
1176 1563 1220 1595 et
1255 1555 1476 1609 temporali
1512 1560 1556 1597 et

157 1623 356 1678 syllabico
373 1624 436 1665 vel
458 1623 650 1664 addendo
669 1623 731 1663 vel
748 1622 983 1663 omittendo
1001 1626 1166 1662 secutos
1186 1636 1289 1673 esse,
1308 1622 1380 1663 sed
1397 1627 1557 1664 temere

156 1691 282 1731 modo
302 1691 382 1732 hoc
403 1691 528 1732 modo
550 1691 650 1731 illud
667 1689 907 1745 arripuisse,
923 1688 1003 1730 nisi
1023 1689 1095 1730 ubi
1111 1694 1187 1730 aut
1204 1694 1386 1730 metrum
1402 1690 1557 1730 alteru-

157 1766 269 1800 tram
299 1759 477 1800 formam
499 1758 722 1800 excludens
750 1763 826 1799 aut
847 1762 967 1798 vetus
994 1757 1256 1798 consuetudo
1277 1757 1471 1811 quaedam
1501 1757 1557 1798 ab

158 1839 298 1866 errore
320 1825 535 1873 retineret,
553 1824 787 1880 cujusmodi
808 1830 872 1865 est
890 1825 1002 1879 quod
1023 1830 1270 1865 constanter
1284 1825 1410 1875 ἦλθον
1425 1825 1556 1880 scrip-

158 1901 317 1941 serunt,
340 1907 547 1947 nusquam
569 1893 700 1942 ἔλθον,
722 1907 806 1932 non
827 1892 920 1941 alia,
943 1897 992 1933 ut
1013 1892 1173 1947 opinor,
1197 1892 1247 1932 de
1265 1906 1414 1933 caussa
1431 1907 1557 1947 quam

159 1965 271 2019 quod
307 1964 557 2005 indicativus
592 1963 717 2015 ἦλθον
753 1965 807 2005 ab
841 1964 993 2006 ceteris
1028 1964 1153 2018 hujus
1189 1964 1336 2005 aoristi
1369 1965 1505 2005 modis
1538 1982 1557 2006 ε

159 2032 285 2073 breve
316 2032 592 2081 servantibus,
617 2032 711 2072 ἐλθέ
732 2032 885 2082 ἔλθοιμι
918 2032 1022 2072 ἔλθω
1054 2033 1195 2080 ἐλθών,
1218 2031 1281 2073 ita
1302 2038 1394 2073 erat
1420 2033 1558 2087 quoti-

160 2098 285 2140 diano
327 2099 571 2140 Graecorum
611 2098 796 2138 omnium
843 2113 921 2138 usu
963 2098 1189 2139 distinctus
1235 2104 1283 2140 ut·
1322 2099 1559 2140 inauditum

159 2167 274 2208 istud
296 2167 415 2207 ἔλθον
436 2181 512 2221 pro
533 2165 658 2217 ἦλθον
680 2166 834 2207 nemini
864 2166 985 2207 facile
1016 2171 1090 2207 aut
1121 2166 1164 2206 in
1195 2172 1379 2207 mentem
1410 2172 1485 2208 aut
1515 2167 1559 2208 in

159 2235 364 2276 calamum
386 2234 526 2275 venire
546 2239 704 2289 posset.
767 2234 922 2276 Similis
943 2234 1029 2275 fere
1051 2234 1162 2275 ratio
1182 2234 1414 2289 imperfecti
1435 2234 1560 2288 ἦρχον

160 2308 250 2344 est:
281 2303 391 2343 unde
422 2303 500 2343 hoc
532 2317 710 2357 quoque,
732 2317 816 2343 uno
845 2303 898 2344 de
928 2317 1011 2357 quo
1032 2317 1141 2343 nunc
1171 2303 1334 2358 agimus
1365 2303 1457 2343 loco
1488 2318 1559 2344 ex-

160 2376 295 2426 cepto,
327 2371 536 2412 intactum
569 2371 758 2411 Homero
792 2370 1065 2426 reliquerunt.
1128 2370 1268 2411 Tanto
1298 2371 1560 2425 frequentior

137 2437 339 2505 ‘variatio
360 2438 402 2478 in
422 2438 518 2479 aliis
538 2437 750 2492 quibusvis
771 2437 920 2486 verbis,
942 2437 1054 2478 inter
1074 2452 1166 2492 quae
1188 2437 1257 2478 illa
1274 2452 1440 2492 quoque
1461 2442 1560 2479 sunt

162 2520 338 2560 quorum
369 2506 578 2561 scriptura
603 2506 694 2560 jam
723 2505 958 2560 antiquitus
988 2505 1188 2560 ambigua
1216 2505 1354 2546 fuerat
1384 2511 1561 2560 propter

160 2573 306 2615 lit-eras
329 2578 360 2614 E
382 2583 426 2615 et
447 2578 496 2622 O,
520 2574 669 2628 quibus
689 2579 789 2614 ante
812 2573 1049 2614 Ionicarum
1079 2573 1297 2614 literarum
1324 2588 1446 2613 usum
1475 2587 1560 2614 non

162 2641 295 2682 solum
325 2641 419 2681 duae
450 2642 596 2682 breves
617 2641 780 2682 vocales
810 2658 828 2681 ε
856 2646 900 2682 et
922 2658 955 2690 0,
979 2641 1052 2681 sed
1083 2640 1212 2681 etiam
1241 2640 1377 2695 longae
1407 2658 1430 2691 η
1461 2645 1506 2681 et
1529 2659 1559 2681 ω

162 2709 337 2763 exprimi
368 2709 575 2750 solebant.
637 2707 837 2763 Legimus
868 2722 976 2748 nunc
1007 2707 1121 2762 apud
1154 2707 1404 2758 Homerum,
1425 2713 1474 2749 ut
1494 2708 1560 2748 his

162 2776 360 2831 exemplis
374 2783 486 2826 utar,
500 2778 614 2830 ἄγχε,
630 2776 785 2824 ἅπτετο,
796 2776 942 2828 ἅψατο,
955 2775 1183 2824 καθάπτετο,
1199 2776 1380 2826 ἀρτύνθη,
1395 2776 1559 2827 ἄφρεον,

164 2846 255 2885 ἕλκε
277 2846 419 2886 ἄνελκε
443 2844 632 2897 ἐφέλκετο
648 2844 814 2895 ὕφελκε,
828 2843 972 2884 ἔλπετο
990 2843 1174 2891 ἔλποντο,
1191 2845 1366 2893 οἴμησεν,
1381 2845 1559 2893 οἴμωξεν,
