1835 3256
219 245 255 285 iv
723 247 752 286 l'
766 247 874 287 1³AE
891 247 922 288 1⁴*
934 247 965 288 Λ
981 247 1015 287 Τ
1031 248 1042 288 l
1056 251 1104 289 (,).

216 356 329 391 rorte
362 350 649 398 intellexisset,
678 351 840 405 longius
863 367 987 406 qnam
1021 352 1203 392 debebat
1235 365 1479 406 progressus
1509 351 1613 393 alios

215 418 413 472 plurimos
437 423 593 459 temero
615 425 833 473 suspvvtos
856 419 1006 460 habuit
1029 420 1224 473 locosque
1242 433 1321 458 non
1346 433 1501 473 paucos
1517 420 1613 460 sub-

215 485 310 526 latis
339 492 472 540 povtw
500 486 636 526 vorbis
659 502 783 540 quum
817 487 996 527 maximo
1028 486 1217 538 genuinis
1246 491 1290 527 ot
1315 487 1367 527 ad
1391 486 1612 529 sententiae

215 553 500 607 integritatem
535 570 644 609 swpc
678 554 921 594 nooman-iis
951 554 1100 594 mirum
1128 553 1169 594 in
1195 555 1365 595 modum
1396 560 1612 596 contortos

215 622 418 663 exhibuit.
484 622 574 661 Non
613 622 774 661 minore
808 622 976 662 licentia
1008 622 1047 661 in
1080 622 1290 676 scriptura
1320 623 1614 665 constituenda

216 696 405 731 versatus
423 696 499 733 ost,
516 706 637 745 qnam
657 689 884 744 saepissimo
908 689 967 730 ita
991 690 1259 744 interpolavit
1283 695 1329 731 ut
1350 705 1496 745 parum
1519 692 1613 732 sub-

216 757 276 799 tili
308 757 510 797 sermonis
538 757 750 797 llonwrici
775 757 1012 810 cognitione
1046 757 1252 798 imbutum
1281 772 1375 798 cum
1398 758 1521 799 fuisse
1544 774 1614 813 pa-

215 831 317 866 teat.
387 825 500 865 Licet
530 825 661 878 iggitur
692 826 824 865 multa
847 825 887 865 in
912 825 1132 865 Zenodoto
1154 825 1496 880 reprehendenda
1517 825 1614 874 sint,

214 907 338 933 nemo
377 900 516 933 tamen
553 899 640 933 tam
676 892 841 948 iniquus
872 893 953 933 erit
985 892 1053 947 qui
1088 892 1187 934 vitio
1223 893 1260 933 ei
1292 893 1432 934 omnia
1463 898 1614 943 vertat,

216 975 309 1015 quae
333 975 486 1015 magna
507 975 557 1001 ex
581 966 701 1014 parte
726 960 832 1001 artis
855 960 1010 1001 critica:
1033 967 1077 1001 et
1098 960 1388 1016 grammaticae
1411 976 1503 1016 quae
1525 966 1614 1003 tum

216 1035 306 1070 erat
331 1029 519 1069 infantia·
543 1029 791 1083 imputanda
815 1034 925 1069 sunt..

274 1097 499 1137 Proximus
532 1101 629 1150 post
651 1097 918 1137 Zenodotnm
951 1111 1067 1137 novae
1100 1096 1353 1137 recensionis
1379 1102 1527 1138 auctor
1549 1112 1615 1138 ex-

214 1163 326 1205 stitit
366 1165 676 1219 Aristophanes
716 1165 959 1218 Byzantius,
994 1165 1064 1219 qui
1102 1164 1311 1205 Zenodoti
1352 1165 1616 1207 institutione

214 1245 314 1271 usus
349 1238 514 1272 mature
551 1233 591 1271 in
629 1233 885 1273 carminibus
918 1231 1157 1273 Homericis
1191 1236 1234 1272 et
1270 1232 1540 1273 emendandis
1573 1238 1616 1274 et

214 1299 471 1353 explicandis
492 1299 732 1340 elaborasse
755 1300 932 1341 videtur.
982 1300 1023 1341 Is
1045 1301 1099 1341 ab
1126 1300 1336 1341 Zenodoti
1359 1300 1525 1355 quidem
1547 1316 1616 1342 ex-

214 1367 350 1420 emplo
377 1368 603 1421 profectus,
626 1368 699 1408 sed
726 1368 858 1410 multo
881 1383 1007 1423 quam
1028 1368 1095 1409 illc
1117 1367 1307 1408 sobriore
1331 1367 1490 1422 judicio
1518 1383 1616 1409 usus

215 1433 504 1488 doctrinaeque
529 1434 659 1488 copiis
690 1434 812 1489 longe
843 1434 1118 1489 amplioribus
1150 1434 1384 1475 instructus
1413 1435 1464 1476 de
1491 1436 1617 1476 rebus

214 1501 402 1556 plurimis
423 1502 578 1542 rectius
600 1517 724 1556 quam
744 1503 988 1543 Zenodotus
1005 1502 1225 1557 judicavit,
1242 1502 1436 1557 viamque
1452 1503 1506 1544 ad
1523 1518 1615 1545 eam

216 1569 365 1609 horum
397 1569 628 1610 carminum
660 1569 959 1611 tractationem
990 1569 1246 1625 praeparavit
1277 1584 1402 1624 quam
1433 1574 1617 1625 postmo-

216 1637 315 1676 dum
339 1636 613 1677 Aristarchus
637 1638 953 1678 Samothracius
975 1638 1028 1678 ad
1051 1637 1351 1692 perfectionem
1373 1637 1506 1678 multo
1530 1652 1617 1679 ma-

211 1705 347 1758 j0rem
369 1705 559 1745 adduxit.
620 1705 712 1757 Quo
733 1705 891 1746 factum
912 1712 979 1746 est
1001 1710 1047 1746 ut
1070 1705 1277 1746 Zenodoti
1301 1710 1343 1746 ct
1366 1705 1616 1760 Aristopha-

216 1772 280 1812 nis
310 1772 769 1827 grammaticorumque
792 1773 861 1828 qui
892 1773 1042 1814 horum
1074 1772 1375 1814 auctoritatem
1404 1773 1536 1814 secuti
1557 1788 1618 1814 es-

217 1845 311 1881 sent
347 1840 548 1882 memoria
583 1841 717 1896 magis
756 1841 973 1897 magisque
1009 1842 1318 1891 obscuraretur,
1355 1855 1429 1881 nec
1467 1841 1618 1883 Crates

219 1908 521 1963 Pergamenus,
544 1909 773 1949 acerrimus
797 1909 1034 1950 Aristarchi
1055 1908 1322 1950 adversarius
1344 1914 1387 1949 et
1409 1908 1497 1963 ipse
1519 1923 1618 1964 quo-

218 1991 298 2031 que
326 1991 444 2017 novae
470 1977 721 2017 recensionis
752 1982 913 2028 auctor,
935 1977 1168 2025 audiretur,
1192 1976 1264 2017 sed
1287 1976 1526 2017 Aristarchi
1556 1991 1620 2017 re-

218 2045 357 2086 censio
386 2045 658 2100 plurimarum
684 2045 865 2086 aliarum
887 2045 1118 2087 editionum
1144 2045 1463 2085 fundamentum
1484 2044 1618 2093 fieret,

218 2128 396 2168 quarum
429 2118 623 2154 auctores
645 2128 771 2167 quum
804 2113 959 2167 partim
988 2112 1227 2153 Aristarchi
1259 2111 1415 2167 partim
1443 2111 1620 2152 aliorum

218 2181 281 2222 vel
318 2196 438 2221 suum
475 2181 660 2236 ipsorum
692 2181 895 2236 judicium
932 2185 1220 2236 sequerentur,
1253 2180 1399 2235 ingens
1430 2183 1526 2220 orta
1555 2183 1619 2220 est

218 2249 429 2289 variarum
459 2249 687 2289 lectionum
715 2249 850 2303 copia,
874 2263 999 2303 quam
1028 2263 1079 2288 ne
1112 2248 1320 2302 integram
1343 2246 1523 2301 quidem,
1547 2245 1620 2286 sed

218 2316 406 2371 plurimis
442 2317 634 2370 partibus
671 2317 965 2357 defectamex
1003 2315 1324 2356 scholiastarum
1359 2313 1619 2366 aliorumque

218 2383 590 2438 grammaticorum
620 2384 908 2424 notationibus
930 2383 1145 2437 cognitam
1165 2382 1381 2422 habemus.
1445 2380 1510 2420 De
1531 2379 1620 2434 qui-

219 2451 298 2491 bus
330 2465 456 2505 quum
488 2451 530 2490 in
566 2451 819 2491 scholiorum
857 2449 1041 2491 editione
1077 2448 1218 2504 potius
1251 2462 1377 2502 quam
1413 2447 1492 2487 hoc
1528 2447 1620 2487 loco

221 2518 441 2558 dicendum
473 2519 540 2565 sit,
574 2533 656 2558 non
689 2518 836 2558 inutile
861 2523 1003 2558 tamen
1030 2518 1118 2557 fore
1149 2515 1293 2570 putavi
1325 2514 1421 2554 huic
1447 2513 1620 2554 editioni

219 2586 388 2626 brevem
425 2586 630 2639 subjicere
665 2585 893 2625 lectionum
931 2584 1095 2624 illarum
1134 2586 1414 2637 conspectum,
1448 2595 1500 2622 ex
1538 2595 1620 2635 quo

220 2652 479 2693 commodius
510 2667 634 2708 quam
666 2667 716 2692 ex
750 2652 898 2706 amplis
929 2650 992 2691 vel
1024 2655 1212 2690 vet-erum
1245 2648 1620 2703 grammaticorum

220 2720 283 2760 vel
319 2721 596 2761 recentiorum
635 2720 844 2760 editorum
874 2716 1186 2759 commentariis
1217 2715 1495 2771 perspicietur
1520 2713 1620 2769 quid

222 2794 382 2828 veteres
419 2788 551 2828 critici
587 2794 662 2828 aut
698 2786 976 2841 praestiterint
1012 2789 1086 2826 aut
1125 2799 1208 2824 non
1249 2782 1539 2838 praestiterint,
1577 2786 1620 2822 et

223 2858 484 2907 quantopere
504 2853 775 2893 Aristarchus
793 2852 967 2906 judicio,
986 2851 1178 2892 doctrina
1195 2855 1237 2891 et
1256 2849 1400 2891 subtili
1418 2848 1620 2890 sermonis
