<?xml version="1.0" encoding="UTF-8"?>
<!DOCTYPE html PUBLIC "-//W3C//DTD XHTML 1.0 Transitional//EN"
    "http://www.w3.org/TR/xhtml1/DTD/xhtml1-transitional.dtd">
<html xmlns="http://www.w3.org/1999/xhtml" xml:lang="en" lang="en">
 <head>
  <title>
</title>
<meta http-equiv="Content-Type" content="text/html;charset=utf-8" />
  <meta name='ocr-system' content='tesseract 3.04.00' />
  <meta name='ocr-capabilities' content='ocr_page ocr_carea ocr_par ocr_line ocrx_word'/>
</head>
<body>
  <div class='ocr_page' id='page_1' title='image "./iliasexrecogniti00homeuoft_0033.png"; bbox 0 0 1835 3256; ppageno 0'>
   <div class='ocr_carea' id='block_1_1' title="bbox 661 253 1551 298">
    <p class='ocr_par' dir='ltr' id='par_1_1' title="bbox 661 253 1551 298">
     <span class='ocr_line' id='line_1_1' title="bbox 661 253 1551 298; baseline 0.004 -5"><span class='ocrx_word' id='word_1_1' title='bbox 661 253 804 294; x_wconf 83' lang='lat' dir='ltr'>PRAE</span> <span class='ocrx_word' id='word_1_2' title='bbox 818 254 1042 294; x_wconf 83' lang='lat' dir='ltr'>FATIO.</span> <span class='ocrx_word' id='word_1_3' title='bbox 1453 257 1551 298; x_wconf 82' lang='lat' dir='ltr'>xxix</span> 
     </span>
    </p>
   </div>
   <div class='ocr_carea' id='block_1_2' title="bbox 153 359 1554 2916">
    <p class='ocr_par' dir='ltr' id='par_1_2' title="bbox 156 359 1553 1053">
     <span class='ocr_line' id='line_1_2' title="bbox 159 359 1550 414; baseline 0.001 -13"><span class='ocrx_word' id='word_1_4' title='bbox 159 362 361 413; x_wconf 81' lang='grc' dir='ltr'>γείνεσθαι</span> <span class='ocrx_word' id='word_1_5' title='bbox 382 359 607 400; x_wconf 83' lang='lat' dir='ltr'><strong>commenti</strong></span> <span class='ocrx_word' id='word_1_6' title='bbox 629 364 740 407; x_wconf 89' lang='lat' dir='ltr'>sunt,</span> <span class='ocrx_word' id='word_1_7' title='bbox 759 360 870 414; x_wconf 83' lang='lat' dir='ltr'>quod</span> <span class='ocrx_word' id='word_1_8' title='bbox 891 359 1049 400; x_wconf 88' lang='lat' dir='ltr'>nullum</span> <span class='ocrx_word' id='word_1_9' title='bbox 1071 373 1253 413; x_wconf 87' lang='lat' dir='ltr'>unquam</span> <span class='ocrx_word' id='word_1_10' title='bbox 1270 361 1361 401; x_wconf 83' lang='lat' dir='ltr'>fuit.</span> <span class='ocrx_word' id='word_1_11' title='bbox 1418 361 1550 403; x_wconf 83' lang='lat' dir='ltr'>Recto</span> 
     </span>
     <span class='ocr_line' id='line_1_3' title="bbox 158 426 1551 483; baseline 0.001 -15"><span class='ocrx_word' id='word_1_12' title='bbox 158 427 287 483; x_wconf 87' lang='lat' dir='ltr'>igitur</span> <span class='ocrx_word' id='word_1_13' title='bbox 316 427 534 468; x_wconf 88' lang='lat' dir='ltr'>Bekkerus</span> <span class='ocrx_word' id='word_1_14' title='bbox 564 426 872 482; x_wconf 75' lang='lat' dir='ltr'>diphthongum</span> <span class='ocrx_word' id='word_1_15' title='bbox 902 426 1004 468; x_wconf 90' lang='lat' dir='ltr'>locis</span> <span class='ocrx_word' id='word_1_16' title='bbox 1034 426 1112 467; x_wconf 86' lang='lat' dir='ltr'>illis</span> <span class='ocrx_word' id='word_1_17' title='bbox 1145 427 1338 468; x_wconf 84' lang='lat' dir='ltr'>omnibus</span> <span class='ocrx_word' id='word_1_18' title='bbox 1368 428 1551 470; x_wconf 85' lang='lat' dir='ltr'>eximen-</span> 
     </span>
     <span class='ocr_line' id='line_1_4' title="bbox 158 493 1552 550; baseline 0.001 -14"><span class='ocrx_word' id='word_1_19' title='bbox 158 496 254 536; x_wconf 89' lang='lat' dir='ltr'>dam</span> <span class='ocrx_word' id='word_1_20' title='bbox 285 509 375 536; x_wconf 87' lang='lat' dir='ltr'>esse</span> <span class='ocrx_word' id='word_1_21' title='bbox 400 493 618 549; x_wconf 84' lang='lat' dir='ltr'>judicavit,</span> <span class='ocrx_word' id='word_1_22' title='bbox 641 494 720 534; x_wconf 89' lang='lat' dir='ltr'>nisi</span> <span class='ocrx_word' id='word_1_23' title='bbox 752 494 864 550; x_wconf 89' lang='lat' dir='ltr'>quod</span> <span class='ocrx_word' id='word_1_24' title='bbox 897 495 1078 547; x_wconf 84' lang='grc' dir='ltr'>γίνεσθαι</span> <span class='ocrx_word' id='word_1_25' title='bbox 1110 494 1252 548; x_wconf 91' lang='lat' dir='ltr'>potius</span> <span class='ocrx_word' id='word_1_26' title='bbox 1285 495 1552 538; x_wconf 86' lang='lat' dir='ltr'>scribendum</span> 
     </span>
     <span class='ocr_line' id='line_1_5' title="bbox 156 562 1553 618; baseline 0.001 -14"><span class='ocrx_word' id='word_1_27' title='bbox 156 568 250 604; x_wconf 85' lang='lat' dir='ltr'>erat</span> <span class='ocrx_word' id='word_1_28' title='bbox 272 577 397 618; x_wconf 89' lang='lat' dir='ltr'>quam</span> <span class='ocrx_word' id='word_1_29' title='bbox 418 563 529 617; x_wconf 89' lang='lat' dir='ltr'>quod</span> <span class='ocrx_word' id='word_1_30' title='bbox 550 562 767 603; x_wconf 82' lang='lat' dir='ltr'>Bekkerus</span> <span class='ocrx_word' id='word_1_31' title='bbox 793 562 934 617; x_wconf 89' lang='lat' dir='ltr'>posuit</span> <span class='ocrx_word' id='word_1_32' title='bbox 955 563 1176 615; x_wconf 88' lang='grc' dir='ltr'>γίγνεσθαι.</span> <span class='ocrx_word' id='word_1_33' title='bbox 1240 562 1348 604; x_wconf 88' lang='lat' dir='ltr'>Nam</span> <span class='ocrx_word' id='word_1_34' title='bbox 1370 565 1553 616; x_wconf 81' lang='grc' dir='ltr'>γίνεσθαι</span> 
     </span>
     <span class='ocr_line' id='line_1_6' title="bbox 157 629 1552 685; baseline -0.001 -14"><span class='ocrx_word' id='word_1_35' title='bbox 157 634 200 671; x_wconf 85' lang='lat' dir='ltr'>et</span> <span class='ocrx_word' id='word_1_36' title='bbox 230 631 441 682; x_wconf 71' lang='grc' dir='ltr'>γινώσκειν</span> <span class='ocrx_word' id='word_1_37' title='bbox 471 634 560 670; x_wconf 88' lang='lat' dir='ltr'>tam</span> <span class='ocrx_word' id='word_1_38' title='bbox 590 635 788 670; x_wconf 83' lang='lat' dir='ltr'>constans</span> <span class='ocrx_word' id='word_1_39' title='bbox 819 634 884 670; x_wconf 87' lang='lat' dir='ltr'>est</span> <span class='ocrx_word' id='word_1_40' title='bbox 905 633 1167 670; x_wconf 88' lang='lat' dir='ltr'>vetustorum</span> <span class='ocrx_word' id='word_1_41' title='bbox 1196 629 1397 671; x_wconf 88' lang='lat' dir='ltr'>librorum</span> <span class='ocrx_word' id='word_1_42' title='bbox 1423 630 1552 685; x_wconf 84' lang='lat' dir='ltr'>scrip-</span> 
     </span>
     <span class='ocr_line' id='line_1_7' title="bbox 156 697 1553 753; baseline 0 -14"><span class='ocrx_word' id='word_1_43' title='bbox 156 703 266 746; x_wconf 86' lang='lat' dir='ltr'>tura,</span> <span class='ocrx_word' id='word_1_44' title='bbox 289 702 338 738; x_wconf 92' lang='lat' dir='ltr'>ut</span> <span class='ocrx_word' id='word_1_45' title='bbox 358 697 399 738; x_wconf 93' lang='lat' dir='ltr'>in</span> <span class='ocrx_word' id='word_1_46' title='bbox 421 697 633 752; x_wconf 87' lang='lat' dir='ltr'>plerisque</span> <span class='ocrx_word' id='word_1_47' title='bbox 658 711 803 738; x_wconf 79' lang='lat' dir='ltr'>eorum</span> <span class='ocrx_word' id='word_1_48' title='bbox 830 697 966 738; x_wconf 82' lang='lat' dir='ltr'>altera</span> <span class='ocrx_word' id='word_1_49' title='bbox 996 697 1204 751; x_wconf 83' lang='lat' dir='ltr'>scriptura</span> <span class='ocrx_word' id='word_1_50' title='bbox 1232 712 1283 738; x_wconf 86' lang='lat' dir='ltr'>nc</span> <span class='ocrx_word' id='word_1_51' title='bbox 1313 699 1441 739; x_wconf 85' lang='lat' dir='ltr'>semel</span> <span class='ocrx_word' id='word_1_52' title='bbox 1464 699 1553 753; x_wconf 90' lang='lat' dir='ltr'>qui-</span> 
     </span>
     <span class='ocr_line' id='line_1_8' title="bbox 157 764 1552 819; baseline 0 -13"><span class='ocrx_word' id='word_1_53' title='bbox 157 765 252 806; x_wconf 82' lang='lat' dir='ltr'>dem</span> <span class='ocrx_word' id='word_1_54' title='bbox 287 769 506 819; x_wconf 77' lang='lat' dir='ltr'>appareat,</span> <span class='ocrx_word' id='word_1_55' title='bbox 542 764 655 805; x_wconf 88' lang='lat' dir='ltr'>velut</span> <span class='ocrx_word' id='word_1_56' title='bbox 696 764 968 819; x_wconf 76' lang='lat' dir='ltr'>palimpsesto</span> <span class='ocrx_word' id='word_1_57' title='bbox 1005 764 1204 805; x_wconf 78' lang='lat' dir='ltr'>Curetoni</span> <span class='ocrx_word' id='word_1_58' title='bbox 1246 769 1288 806; x_wconf 84' lang='lat' dir='ltr'>et</span> <span class='ocrx_word' id='word_1_59' title='bbox 1332 765 1552 807; x_wconf 88' lang='lat' dir='ltr'>Marciano</span> 
     </span>
     <span class='ocr_line' id='line_1_9' title="bbox 162 832 1552 887; baseline 0 -13"><span class='ocrx_word' id='word_1_60' title='bbox 162 834 211 874; x_wconf 90' lang='lat' dir='ltr'>A.</span> <span class='ocrx_word' id='word_1_61' title='bbox 243 832 400 882; x_wconf 80' lang='lat' dir='ltr'>Iliadis,</span> <span class='ocrx_word' id='word_1_62' title='bbox 445 832 638 873; x_wconf 87' lang='lat' dir='ltr'>Mediceo</span> <span class='ocrx_word' id='word_1_63' title='bbox 678 832 889 887; x_wconf 89' lang='lat' dir='ltr'>Apollonii</span> <span class='ocrx_word' id='word_1_64' title='bbox 930 832 1099 882; x_wconf 88' lang='lat' dir='ltr'>Rhodii,</span> <span class='ocrx_word' id='word_1_65' title='bbox 1144 832 1377 874; x_wconf 79' lang='lat' dir='ltr'>Mutinensi</span> <span class='ocrx_word' id='word_1_66' title='bbox 1423 838 1552 886; x_wconf 88' lang='lat' dir='ltr'>(nunc</span> 
     </span>
     <span class='ocr_line' id='line_1_10' title="bbox 156 900 658 955; baseline -0.002 -14"><span class='ocrx_word' id='word_1_67' title='bbox 156 900 365 954; x_wconf 80' lang='lat' dir='ltr'>Parisino)</span> <span class='ocrx_word' id='word_1_68' title='bbox 389 900 658 955; x_wconf 87' lang='lat' dir='ltr'>Theognidis.</span> 
     </span>
     <span class='ocr_line' id='line_1_11' title="bbox 814 1013 892 1053; baseline 0.013 -1"><span class='ocrx_word' id='word_1_69' title='bbox 814 1013 892 1053; x_wconf 80' lang='lat' dir='ltr'>VI.</span> 
     </span>
    </p>

    <p class='ocr_par' dir='ltr' id='par_1_3' title="bbox 153 1102 1554 2916">
     <span class='ocr_line' id='line_1_12' title="bbox 214 1102 1554 1161; baseline 0.003 -19"><span class='ocrx_word' id='word_1_70' title='bbox 214 1116 254 1157; x_wconf 87' lang='lat'>3,</span> <span class='ocrx_word' id='word_1_71' title='bbox 278 1114 345 1146; x_wconf 82' lang='lat'>22.</span> <span class='ocrx_word' id='word_1_72' title='bbox 367 1105 496 1155; x_wconf 78' lang='grc' dir='ltr'>μακρὰ</span> <span class='ocrx_word' id='word_1_73' title='bbox 525 1102 719 1157; x_wconf 80' lang='grc' dir='ltr'>βιβάντα]</span> <span class='ocrx_word' id='word_1_74' title='bbox 761 1103 828 1143; x_wconf 85' lang='lat' dir='ltr'>Sic</span> <span class='ocrx_word' id='word_1_75' title='bbox 862 1108 977 1144; x_wconf 84' lang='lat' dir='ltr'>recte</span> <span class='ocrx_word' id='word_1_76' title='bbox 1015 1104 1235 1145; x_wconf 85' lang='lat' dir='ltr'>Bckkerus</span> <span class='ocrx_word' id='word_1_77' title='bbox 1271 1119 1347 1159; x_wconf 88' lang='lat' dir='ltr'>pro</span> <span class='ocrx_word' id='word_1_78' title='bbox 1380 1106 1554 1161; x_wconf 82' lang='lat' dir='ltr'>vulgato</span> 
     </span>
     <span class='ocr_line' id='line_1_13' title="bbox 154 1170 1552 1225; baseline 0.004 -15"><span class='ocrx_word' id='word_1_79' title='bbox 154 1173 283 1222; x_wconf 83' lang='grc' dir='ltr'>μακρὰ</span> <span class='ocrx_word' id='word_1_80' title='bbox 312 1175 504 1222; x_wconf 84' lang='grc' dir='ltr'>βιβῶντα.</span> <span class='ocrx_word' id='word_1_81' title='bbox 567 1170 860 1212; x_wconf 87' lang='lat' dir='ltr'>Nominativus</span> <span class='ocrx_word' id='word_1_82' title='bbox 895 1172 1006 1225; x_wconf 90' lang='lat' dir='ltr'>apud</span> <span class='ocrx_word' id='word_1_83' title='bbox 1044 1171 1279 1213; x_wconf 88' lang='lat' dir='ltr'>Homerum</span> <span class='ocrx_word' id='word_1_84' title='bbox 1316 1177 1381 1214; x_wconf 85' lang='lat' dir='ltr'>est</span> <span class='ocrx_word' id='word_1_85' title='bbox 1415 1174 1552 1225; x_wconf 83' lang='grc' dir='ltr'>βιβάς,</span> 
     </span>
     <span class='ocr_line' id='line_1_14' title="bbox 159 1236 1553 1294; baseline 0.004 -18"><span class='ocrx_word' id='word_1_86' title='bbox 159 1236 205 1276; x_wconf 92' lang='lat' dir='ltr'>Il.</span> <span class='ocrx_word' id='word_1_87' title='bbox 227 1247 266 1290; x_wconf 88' lang='lat'>7,</span> <span class='ocrx_word' id='word_1_88' title='bbox 291 1249 384 1290; x_wconf 81' lang='lat'>213.</span> <span class='ocrx_word' id='word_1_89' title='bbox 413 1250 477 1291; x_wconf 87' lang='lat'>15,</span> <span class='ocrx_word' id='word_1_90' title='bbox 501 1248 598 1291; x_wconf 83' lang='lat'><strong>307.</strong></span> <span class='ocrx_word' id='word_1_91' title='bbox 634 1238 712 1278; x_wconf 91' lang='lat' dir='ltr'>Od.</span> <span class='ocrx_word' id='word_1_92' title='bbox 736 1253 774 1291; x_wconf 88' lang='lat'>9,</span> <span class='ocrx_word' id='word_1_93' title='bbox 797 1249 894 1292; x_wconf 87' lang='lat'>450.</span> <span class='ocrx_word' id='word_1_94' title='bbox 957 1238 1118 1294; x_wconf 64' lang='lat' dir='ltr'>Hymn.</span> <span class='ocrx_word' id='word_1_95' title='bbox 1144 1238 1185 1278; x_wconf 89' lang='lat' dir='ltr'>in</span> <span class='ocrx_word' id='word_1_96' title='bbox 1209 1239 1346 1293; x_wconf 91' lang='lat' dir='ltr'>Apoll.</span> <span class='ocrx_word' id='word_1_97' title='bbox 1373 1252 1482 1288; x_wconf 64' lang='lat'>202„</span> <span class='ocrx_word' id='word_1_98' title='bbox 1505 1245 1553 1281; x_wconf 89' lang='lat' dir='ltr'>ut</span> 
     </span>
     <span class='ocr_line' id='line_1_15' title="bbox 156 1304 1552 1360; baseline 0.002 -16"><span class='ocrx_word' id='word_1_99' title='bbox 156 1304 344 1358; x_wconf 86' lang='lat' dir='ltr'>ineptum</span> <span class='ocrx_word' id='word_1_100' title='bbox 367 1304 422 1344; x_wconf 89' lang='lat' dir='ltr'>sit</span> <span class='ocrx_word' id='word_1_101' title='bbox 443 1304 521 1345; x_wconf 91' lang='lat' dir='ltr'>hoc</span> <span class='ocrx_word' id='word_1_102' title='bbox 553 1319 636 1344; x_wconf 92' lang='lat' dir='ltr'>uno</span> <span class='ocrx_word' id='word_1_103' title='bbox 667 1304 709 1344; x_wconf 89' lang='lat' dir='ltr'>in</span> <span class='ocrx_word' id='word_1_104' title='bbox 739 1305 832 1345; x_wconf 86' lang='lat' dir='ltr'>loco</span> <span class='ocrx_word' id='word_1_105' title='bbox 862 1309 1044 1355; x_wconf 84' lang='grc' dir='ltr'>βιβῶντα</span> <span class='ocrx_word' id='word_1_106' title='bbox 1065 1305 1204 1354; x_wconf 82' lang='lat' dir='ltr'>scribi,</span> <span class='ocrx_word' id='word_1_107' title='bbox 1230 1320 1357 1359; x_wconf 87' lang='lat' dir='ltr'>quum</span> <span class='ocrx_word' id='word_1_108' title='bbox 1379 1321 1552 1360; x_wconf 83' lang='lat' dir='ltr'>praeser-</span> 
     </span>
     <span class='ocr_line' id='line_1_16' title="bbox 155 1371 1551 1428; baseline 0.002 -16"><span class='ocrx_word' id='word_1_109' title='bbox 155 1371 232 1412; x_wconf 83' lang='lat' dir='ltr'>tim</span> <span class='ocrx_word' id='word_1_110' title='bbox 267 1375 384 1412; x_wconf 84' lang='lat' dir='ltr'>recta</span> <span class='ocrx_word' id='word_1_111' title='bbox 417 1372 552 1412; x_wconf 89' lang='lat' dir='ltr'>forma</span> <span class='ocrx_word' id='word_1_112' title='bbox 582 1372 758 1422; x_wconf 85' lang='grc' dir='ltr'>βιβάντα</span> <span class='ocrx_word' id='word_1_113' title='bbox 789 1376 956 1412; x_wconf 84' lang='lat' dir='ltr'>servata</span> <span class='ocrx_word' id='word_1_114' title='bbox 984 1371 1028 1411; x_wconf 93' lang='lat' dir='ltr'>in</span> <span class='ocrx_word' id='word_1_115' title='bbox 1058 1371 1175 1412; x_wconf 90' lang='lat' dir='ltr'>libris</span> <span class='ocrx_word' id='word_1_116' title='bbox 1206 1372 1261 1414; x_wconf 89' lang='lat' dir='ltr'>sit</span> <span class='ocrx_word' id='word_1_117' title='bbox 1293 1373 1341 1413; x_wconf 95' lang='lat' dir='ltr'>Il.</span> <span class='ocrx_word' id='word_1_118' title='bbox 1369 1387 1429 1428; x_wconf 82' lang='lat'>13,</span> <span class='ocrx_word' id='word_1_119' title='bbox 1451 1387 1551 1428; x_wconf 82' lang='lat'><strong><em>371.</em></strong></span> 
     </span>
     <span class='ocr_line' id='line_1_17' title="bbox 156 1438 1551 1490; baseline 0.001 -11"><span class='ocrx_word' id='word_1_120' title='bbox 156 1438 280 1490; x_wconf 90' lang='grc' dir='ltr'>Βιβάς</span> <span class='ocrx_word' id='word_1_121' title='bbox 300 1442 442 1480; x_wconf 84' lang='lat' dir='ltr'>autem</span> <span class='ocrx_word' id='word_1_122' title='bbox 464 1443 507 1479; x_wconf 87' lang='lat' dir='ltr'>et</span> <span class='ocrx_word' id='word_1_123' title='bbox 527 1438 704 1489; x_wconf 84' lang='grc' dir='ltr'>βιβάντα</span> <span class='ocrx_word' id='word_1_124' title='bbox 725 1439 759 1479; x_wconf 92' lang='lat' dir='ltr'>si</span> <span class='ocrx_word' id='word_1_125' title='bbox 781 1439 991 1487; x_wconf 75' lang='lat' dir='ltr'>scribitur,</span> <span class='ocrx_word' id='word_1_126' title='bbox 1008 1453 1093 1479; x_wconf 90' lang='lat' dir='ltr'>non</span> <span class='ocrx_word' id='word_1_127' title='bbox 1113 1439 1251 1480; x_wconf 88' lang='lat' dir='ltr'>minus</span> <span class='ocrx_word' id='word_1_128' title='bbox 1271 1441 1551 1482; x_wconf 87' lang='lat' dir='ltr'>necessarium</span> 
     </span>
     <span class='ocr_line' id='line_1_18' title="bbox 155 1505 1548 1561; baseline -0.001 -14"><span class='ocrx_word' id='word_1_129' title='bbox 155 1510 221 1547; x_wconf 75' lang='lat' dir='ltr'>est</span> <span class='ocrx_word' id='word_1_130' title='bbox 241 1510 290 1547; x_wconf 89' lang='lat' dir='ltr'>ut</span> <span class='ocrx_word' id='word_1_131' title='bbox 309 1510 483 1557; x_wconf 86' lang='grc' dir='ltr'>βιβῶσα,</span> <span class='ocrx_word' id='word_1_132' title='bbox 506 1506 618 1560; x_wconf 89' lang='lat' dir='ltr'>quod</span> <span class='ocrx_word' id='word_1_133' title='bbox 650 1520 759 1546; x_wconf 91' lang='lat' dir='ltr'>nunc</span> <span class='ocrx_word' id='word_1_134' title='bbox 791 1511 856 1547; x_wconf 85' lang='lat' dir='ltr'>cst</span> <span class='ocrx_word' id='word_1_135' title='bbox 876 1506 918 1546; x_wconf 91' lang='lat' dir='ltr'>in</span> <span class='ocrx_word' id='word_1_136' title='bbox 946 1505 1064 1547; x_wconf 90' lang='lat' dir='ltr'>libris</span> <span class='ocrx_word' id='word_1_137' title='bbox 1092 1505 1286 1547; x_wconf 90' lang='lat' dir='ltr'>omnibus</span> <span class='ocrx_word' id='word_1_138' title='bbox 1312 1507 1461 1561; x_wconf 77' lang='lat' dir='ltr'>Odyss.</span> <span class='ocrx_word' id='word_1_139' title='bbox 1484 1521 1548 1555; x_wconf 83' lang='lat'>11,</span> 
     </span>
     <span class='ocr_line' id='line_1_19' title="bbox 154 1573 1551 1628; baseline 0.002 -15"><span class='ocrx_word' id='word_1_140' title='bbox 154 1575 252 1628; x_wconf 82' lang='lat'>538,</span> <span class='ocrx_word' id='word_1_141' title='bbox 274 1573 316 1613; x_wconf 92' lang='lat' dir='ltr'>in</span> <span class='ocrx_word' id='word_1_142' title='bbox 348 1577 504 1624; x_wconf 79' lang='grc' dir='ltr'>βιβᾶσα</span> <span class='ocrx_word' id='word_1_143' title='bbox 533 1578 736 1623; x_wconf 85' lang='lat' dir='ltr'>mutetur,</span> <span class='ocrx_word' id='word_1_144' title='bbox 759 1578 807 1615; x_wconf 90' lang='lat' dir='ltr'>ut</span> <span class='ocrx_word' id='word_1_145' title='bbox 827 1574 928 1615; x_wconf 86' lang='lat' dir='ltr'>fecit</span> <span class='ocrx_word' id='word_1_146' title='bbox 951 1574 1181 1622; x_wconf 84' lang='lat' dir='ltr'>Bekkerus,</span> <span class='ocrx_word' id='word_1_147' title='bbox 1205 1579 1249 1615; x_wconf 89' lang='lat' dir='ltr'>et</span> <span class='ocrx_word' id='word_1_148' title='bbox 1279 1574 1392 1614; x_wconf 87' lang='lat' dir='ltr'>haud</span> <span class='ocrx_word' id='word_1_149' title='bbox 1423 1575 1551 1616; x_wconf 83' lang='lat' dir='ltr'>dubie</span> 
     </span>
     <span class='ocr_line' id='line_1_20' title="bbox 153 1640 1550 1696; baseline 0.001 -15"><span class='ocrx_word' id='word_1_150' title='bbox 153 1641 317 1696; x_wconf 79' lang='lat' dir='ltr'>legerat</span> <span class='ocrx_word' id='word_1_151' title='bbox 337 1640 625 1689; x_wconf 82' lang='lat' dir='ltr'>Aristarchus,</span> <span class='ocrx_word' id='word_1_152' title='bbox 643 1648 901 1696; x_wconf 77' lang='lat' dir='ltr'>quemrecte</span> <span class='ocrx_word' id='word_1_153' title='bbox 923 1642 974 1682; x_wconf 83' lang='lat' dir='ltr'>de</span> <span class='ocrx_word' id='word_1_154' title='bbox 996 1642 1074 1682; x_wconf 83' lang='lat' dir='ltr'>hac</span> <span class='ocrx_word' id='word_1_155' title='bbox 1091 1641 1323 1696; x_wconf 85' lang='lat' dir='ltr'>quaestione</span> <span class='ocrx_word' id='word_1_156' title='bbox 1340 1642 1550 1696; x_wconf 84' lang='lat' dir='ltr'>judicasse</span> 
     </span>
     <span class='ocr_line' id='line_1_21' title="bbox 154 1708 1549 1764; baseline 0.001 -14"><span class='ocrx_word' id='word_1_157' title='bbox 154 1715 243 1750; x_wconf 87' lang='lat' dir='ltr'>tres</span> <span class='ocrx_word' id='word_1_158' title='bbox 264 1708 494 1749; x_wconf 84' lang='lat' dir='ltr'>ostendunt</span> <span class='ocrx_word' id='word_1_159' title='bbox 515 1709 837 1750; x_wconf 81' lang='lat' dir='ltr'>scholiastarum</span> <span class='ocrx_word' id='word_1_160' title='bbox 867 1710 1176 1758; x_wconf 77' lang='lat' dir='ltr'>annotationes,</span> <span class='ocrx_word' id='word_1_161' title='bbox 1199 1709 1278 1750; x_wconf 86' lang='lat' dir='ltr'>etsi</span> <span class='ocrx_word' id='word_1_162' title='bbox 1301 1711 1456 1764; x_wconf 83' lang='lat' dir='ltr'>partim</span> <span class='ocrx_word' id='word_1_163' title='bbox 1478 1712 1549 1752; x_wconf 88' lang='lat' dir='ltr'>de-</span> 
     </span>
     <span class='ocr_line' id='line_1_22' title="bbox 156 1777 1548 1832; baseline 0.002 -16"><span class='ocrx_word' id='word_1_164' title='bbox 156 1777 277 1817; x_wconf 87' lang='lat' dir='ltr'>fectae</span> <span class='ocrx_word' id='word_1_165' title='bbox 308 1777 464 1831; x_wconf 86' lang='lat' dir='ltr'>partim</span> <span class='ocrx_word' id='word_1_166' title='bbox 495 1791 688 1831; x_wconf 87' lang='lat' dir='ltr'>perverse</span> <span class='ocrx_word' id='word_1_167' title='bbox 719 1778 900 1832; x_wconf 84' lang='lat' dir='ltr'>scriptae.</span> <span class='ocrx_word' id='word_1_168' title='bbox 964 1778 1073 1819; x_wconf 86' lang='lat' dir='ltr'>Nam</span> <span class='ocrx_word' id='word_1_169' title='bbox 1104 1778 1146 1817; x_wconf 92' lang='lat' dir='ltr'>in</span> <span class='ocrx_word' id='word_1_170' title='bbox 1175 1777 1331 1818; x_wconf 91' lang='lat' dir='ltr'>scholio</span> <span class='ocrx_word' id='word_1_171' title='bbox 1362 1779 1418 1819; x_wconf 88' lang='lat' dir='ltr'>ad</span> <span class='ocrx_word' id='word_1_172' title='bbox 1442 1779 1490 1819; x_wconf 91' lang='lat' dir='ltr'>Il.</span> <span class='ocrx_word' id='word_1_173' title='bbox 1511 1790 1548 1832; x_wconf 88' lang='lat'>7,</span> 
     </span>
     <span class='ocr_line' id='line_1_23' title="bbox 156 1844 1550 1899; baseline 0.001 -13"><span class='ocrx_word' id='word_1_174' title='bbox 156 1856 252 1897; x_wconf 82' lang='lat'><strong>213.</strong></span> <span class='ocrx_word' id='word_1_175' title='bbox 284 1844 336 1884; x_wconf 89' lang='lat' dir='ltr'>ad</span> <span class='ocrx_word' id='word_1_176' title='bbox 368 1844 491 1894; x_wconf 83' lang='grc' dir='ltr'>βιβάς</span> <span class='ocrx_word' id='word_1_177' title='bbox 520 1849 772 1885; x_wconf 87' lang='lat' dir='ltr'>annotatum</span> <span class='ocrx_word' id='word_1_178' title='bbox 799 1847 918 1888; x_wconf 80' lang='grc' dir='ltr'>οὕτως</span> <span class='ocrx_word' id='word_1_179' title='bbox 937 1845 1212 1899; x_wconf 81' lang='grc' dir='ltr'>Ἀρίσταρχος,</span> <span class='ocrx_word' id='word_1_180' title='bbox 1239 1845 1374 1896; x_wconf 83' lang='grc' dir='ltr'>βιβάς,</span> <span class='ocrx_word' id='word_1_181' title='bbox 1397 1847 1550 1888; x_wconf 89' lang='lat' dir='ltr'>omisso</span> 
     </span>
     <span class='ocr_line' id='line_1_24' title="bbox 155 1911 1548 1969; baseline 0.004 -18"><span class='ocrx_word' id='word_1_182' title='bbox 155 1911 255 1966; x_wconf 90' lang='lat' dir='ltr'>quid</span> <span class='ocrx_word' id='word_1_183' title='bbox 276 1911 345 1952; x_wconf 90' lang='lat' dir='ltr'>alii</span> <span class='ocrx_word' id='word_1_184' title='bbox 367 1911 556 1966; x_wconf 84' lang='lat' dir='ltr'>legerint,</span> <span class='ocrx_word' id='word_1_185' title='bbox 575 1913 685 1967; x_wconf 91' lang='lat' dir='ltr'>quod</span> <span class='ocrx_word' id='word_1_186' title='bbox 707 1927 790 1953; x_wconf 91' lang='lat' dir='ltr'>non</span> <span class='ocrx_word' id='word_1_187' title='bbox 812 1913 986 1954; x_wconf 89' lang='lat' dir='ltr'>dubium</span> <span class='ocrx_word' id='word_1_188' title='bbox 1008 1918 1073 1955; x_wconf 84' lang='lat' dir='ltr'>est</span> <span class='ocrx_word' id='word_1_189' title='bbox 1092 1918 1224 1964; x_wconf 85' lang='grc' dir='ltr'>βιβῶν</span> <span class='ocrx_word' id='word_1_190' title='bbox 1246 1913 1385 1963; x_wconf 82' lang='lat' dir='ltr'>fuisse,</span> <span class='ocrx_word' id='word_1_191' title='bbox 1405 1930 1548 1969; x_wconf 83' lang='lat' dir='ltr'>quem-</span> 
     </span>
     <span class='ocr_line' id='line_1_25' title="bbox 154 1980 1550 2036; baseline 0.002 -16"><span class='ocrx_word' id='word_1_192' title='bbox 154 1980 382 2021; x_wconf 85' lang='lat' dir='ltr'>admodum</span> <span class='ocrx_word' id='word_1_193' title='bbox 401 1984 582 2030; x_wconf 88' lang='grc' dir='ltr'>βιβῶντα</span> <span class='ocrx_word' id='word_1_194' title='bbox 604 1995 679 2034; x_wconf 91' lang='lat' dir='ltr'>pro</span> <span class='ocrx_word' id='word_1_195' title='bbox 700 1981 875 2031; x_wconf 89' lang='grc' dir='ltr'>βιβάντα</span> <span class='ocrx_word' id='word_1_196' title='bbox 895 1981 938 2020; x_wconf 90' lang='lat' dir='ltr'>in</span> <span class='ocrx_word' id='word_1_197' title='bbox 966 1981 1276 2035; x_wconf 84' lang='lat' dir='ltr'>exemplaribus</span> <span class='ocrx_word' id='word_1_198' title='bbox 1300 1982 1550 2036; x_wconf 89' lang='lat' dir='ltr'>quibusdam</span> 
     </span>
     <span class='ocr_line' id='line_1_26' title="bbox 155 2046 1548 2104; baseline 0.003 -17"><span class='ocrx_word' id='word_1_199' title='bbox 155 2047 309 2088; x_wconf 88' lang='lat' dir='ltr'>lectum</span> <span class='ocrx_word' id='word_1_200' title='bbox 349 2046 476 2087; x_wconf 85' lang='lat' dir='ltr'>fuisse</span> <span class='ocrx_word' id='word_1_201' title='bbox 517 2061 569 2088; x_wconf 86' lang='lat' dir='ltr'>ox</span> <span class='ocrx_word' id='word_1_202' title='bbox 610 2048 767 2088; x_wconf 90' lang='lat' dir='ltr'>scholio</span> <span class='ocrx_word' id='word_1_203' title='bbox 808 2048 859 2089; x_wconf 89' lang='lat' dir='ltr'>ad</span> <span class='ocrx_word' id='word_1_204' title='bbox 896 2048 944 2088; x_wconf 90' lang='lat' dir='ltr'>Il.</span> <span class='ocrx_word' id='word_1_205' title='bbox 983 2062 1045 2103; x_wconf 79' lang='lat'>13,</span> <span class='ocrx_word' id='word_1_206' title='bbox 1082 2059 1180 2103; x_wconf 84' lang='lat'>371.</span> <span class='ocrx_word' id='word_1_207' title='bbox 1222 2049 1357 2104; x_wconf 85' lang='lat' dir='ltr'>colligi</span> <span class='ocrx_word' id='word_1_208' title='bbox 1393 2056 1548 2104; x_wconf 87' lang='lat' dir='ltr'>potest,</span> 
     </span>
     <span class='ocr_line' id='line_1_27' title="bbox 155 2112 1548 2169; baseline 0.003 -15"><span class='ocrx_word' id='word_1_209' title='bbox 155 2112 416 2167; x_wconf 83' lang='grc' dir='ltr'>Ἀρίσταρχος</span> <span class='ocrx_word' id='word_1_210' title='bbox 433 2115 622 2165; x_wconf 81' lang='grc' dir='ltr'>βιβάντα,</span> <span class='ocrx_word' id='word_1_211' title='bbox 647 2116 696 2158; x_wconf 87' lang='grc' dir='ltr'>ὡς</span> <span class='ocrx_word' id='word_1_212' title='bbox 717 2118 898 2167; x_wconf 79' lang='grc' dir='ltr'>δαμέντα,</span> <span class='ocrx_word' id='word_1_213' title='bbox 922 2115 985 2157; x_wconf 82' lang='grc' dir='ltr'>ἀπ’</span> <span class='ocrx_word' id='word_1_214' title='bbox 1010 2117 1160 2158; x_wconf 77' lang='grc' dir='ltr'>εὐθείας</span> <span class='ocrx_word' id='word_1_215' title='bbox 1180 2119 1246 2166; x_wconf 87' lang='grc' dir='ltr'>τῆς</span> <span class='ocrx_word' id='word_1_216' title='bbox 1265 2119 1392 2169; x_wconf 82' lang='grc' dir='ltr'>μακρὰ</span> <span class='ocrx_word' id='word_1_217' title='bbox 1411 2118 1548 2167; x_wconf 86' lang='grc' dir='ltr'>βιβάς.</span> 
     </span>
     <span class='ocr_line' id='line_1_28' title="bbox 157 2181 1551 2240; baseline 0.003 -18"><span class='ocrx_word' id='word_1_218' title='bbox 157 2183 219 2223; x_wconf 88' lang='grc' dir='ltr'>καὶ</span> <span class='ocrx_word' id='word_1_219' title='bbox 240 2181 361 2224; x_wconf 84' lang='grc' dir='ltr'>οὕτως</span> <span class='ocrx_word' id='word_1_220' title='bbox 383 2183 466 2235; x_wconf 89' lang='grc' dir='ltr'>ἔχει</span> <span class='ocrx_word' id='word_1_221' title='bbox 485 2183 508 2233; x_wconf 88' lang='grc' dir='ltr'>ἡ</span> <span class='ocrx_word' id='word_1_222' title='bbox 529 2183 639 2235; x_wconf 84' lang='grc' dir='ltr'>ὑγιὴς</span> <span class='ocrx_word' id='word_1_223' title='bbox 659 2183 891 2236; x_wconf 83' lang='grc' dir='ltr'>ἀνάγνωσις.</span> <span class='ocrx_word' id='word_1_224' title='bbox 937 2184 1145 2239; x_wconf 80' lang='lat' dir='ltr'>Corrupte</span> <span class='ocrx_word' id='word_1_225' title='bbox 1161 2186 1272 2239; x_wconf 83' lang='lat' dir='ltr'>apud</span> <span class='ocrx_word' id='word_1_226' title='bbox 1291 2185 1551 2240; x_wconf 86' lang='lat' dir='ltr'>Hesychium</span> 
     </span>
     <span class='ocr_line' id='line_1_29' title="bbox 156 2251 1549 2308; baseline 0.003 -18"><span class='ocrx_word' id='word_1_227' title='bbox 156 2253 364 2301; x_wconf 84' lang='grc' dir='ltr'>βιβοῦντα·</span> <span class='ocrx_word' id='word_1_228' title='bbox 409 2251 748 2301; x_wconf 84' lang='grc' dir='ltr'>διαλαμβάνοντα,</span> <span class='ocrx_word' id='word_1_229' title='bbox 781 2266 857 2306; x_wconf 88' lang='lat' dir='ltr'>pro</span> <span class='ocrx_word' id='word_1_230' title='bbox 892 2256 1085 2303; x_wconf 76' lang='grc' dir='ltr'>βιβῶντα·</span> <span class='ocrx_word' id='word_1_231' title='bbox 1132 2255 1401 2303; x_wconf 86' lang='grc' dir='ltr'>διαβαίνοντα,</span> <span class='ocrx_word' id='word_1_232' title='bbox 1439 2255 1549 2308; x_wconf 91' lang='lat' dir='ltr'>quod</span> 
     </span>
     <span class='ocr_line' id='line_1_30' title="bbox 156 2316 1550 2375; baseline 0.004 -18"><span class='ocrx_word' id='word_1_233' title='bbox 156 2316 290 2358; x_wconf 91' lang='lat' dir='ltr'>critici</span> <span class='ocrx_word' id='word_1_234' title='bbox 311 2316 602 2358; x_wconf 86' lang='lat' dir='ltr'>restituerunt.</span> <span class='ocrx_word' id='word_1_235' title='bbox 663 2319 807 2359; x_wconf 84' lang='lat' dir='ltr'>Tertio</span> <span class='ocrx_word' id='word_1_236' title='bbox 828 2319 870 2359; x_wconf 91' lang='lat' dir='ltr'>in</span> <span class='ocrx_word' id='word_1_237' title='bbox 891 2319 995 2367; x_wconf 93' lang='lat' dir='ltr'>loco,</span> <span class='ocrx_word' id='word_1_238' title='bbox 1018 2319 1070 2360; x_wconf 92' lang='lat' dir='ltr'>Il.</span> <span class='ocrx_word' id='word_1_239' title='bbox 1090 2331 1153 2375; x_wconf 79' lang='lat'>15,</span> <span class='ocrx_word' id='word_1_240' title='bbox 1171 2333 1269 2375; x_wconf 82' lang='lat'>307.</span> <span class='ocrx_word' id='word_1_241' title='bbox 1290 2321 1345 2361; x_wconf 89' lang='lat' dir='ltr'>ad</span> <span class='ocrx_word' id='word_1_242' title='bbox 1364 2321 1486 2372; x_wconf 86' lang='grc' dir='ltr'>βιβάς</span> <span class='ocrx_word' id='word_1_243' title='bbox 1508 2321 1550 2362; x_wconf 90' lang='lat' dir='ltr'>in</span> 
     </span>
     <span class='ocr_line' id='line_1_31' title="bbox 157 2384 1551 2443; baseline 0.004 -19"><span class='ocrx_word' id='word_1_244' title='bbox 157 2384 325 2425; x_wconf 88' lang='lat' dir='ltr'>scholiis</span> <span class='ocrx_word' id='word_1_245' title='bbox 361 2385 620 2439; x_wconf 86' lang='lat' dir='ltr'>adscriptum</span> <span class='ocrx_word' id='word_1_246' title='bbox 657 2389 920 2441; x_wconf 80' lang='grc' dir='ltr'>Ἀρίσταρχος</span> <span class='ocrx_word' id='word_1_247' title='bbox 958 2392 1103 2438; x_wconf 88' lang='grc' dir='ltr'>βιβῶν,</span> <span class='ocrx_word' id='word_1_248' title='bbox 1145 2389 1257 2443; x_wconf 88' lang='lat' dir='ltr'>quod</span> <span class='ocrx_word' id='word_1_249' title='bbox 1298 2388 1551 2429; x_wconf 85' lang='lat' dir='ltr'>Aristarcho</span> 
     </span>
     <span class='ocr_line' id='line_1_32' title="bbox 155 2452 1550 2509; baseline 0.004 -18"><span class='ocrx_word' id='word_1_250' title='bbox 155 2466 239 2492; x_wconf 93' lang='lat' dir='ltr'>non</span> <span class='ocrx_word' id='word_1_251' title='bbox 260 2452 400 2506; x_wconf 90' lang='lat' dir='ltr'>potuit</span> <span class='ocrx_word' id='word_1_252' title='bbox 421 2452 464 2492; x_wconf 91' lang='lat' dir='ltr'>in</span> <span class='ocrx_word' id='word_1_253' title='bbox 485 2458 668 2494; x_wconf 87' lang='lat' dir='ltr'>mentem</span> <span class='ocrx_word' id='word_1_254' title='bbox 690 2454 841 2495; x_wconf 85' lang='lat' dir='ltr'>venire.</span> <span class='ocrx_word' id='word_1_255' title='bbox 904 2455 1054 2509; x_wconf 83' lang='lat' dir='ltr'>Itaque</span> <span class='ocrx_word' id='word_1_256' title='bbox 1080 2455 1182 2497; x_wconf 87' lang='lat' dir='ltr'>haec</span> <span class='ocrx_word' id='word_1_257' title='bbox 1208 2455 1267 2496; x_wconf 91' lang='lat' dir='ltr'>sic</span> <span class='ocrx_word' id='word_1_258' title='bbox 1294 2462 1392 2497; x_wconf 90' lang='lat' dir='ltr'>sunt</span> <span class='ocrx_word' id='word_1_259' title='bbox 1415 2457 1550 2498; x_wconf 88' lang='lat' dir='ltr'>inver-</span> 
     </span>
     <span class='ocr_line' id='line_1_33' title="bbox 156 2519 1550 2577; baseline 0.004 -18"><span class='ocrx_word' id='word_1_260' title='bbox 156 2519 286 2560; x_wconf 90' lang='lat' dir='ltr'>tenda</span> <span class='ocrx_word' id='word_1_261' title='bbox 325 2524 373 2561; x_wconf 86' lang='lat' dir='ltr'>ut</span> <span class='ocrx_word' id='word_1_262' title='bbox 412 2520 599 2562; x_wconf 86' lang='lat' dir='ltr'>lemmati</span> <span class='ocrx_word' id='word_1_263' title='bbox 638 2526 769 2573; x_wconf 86' lang='grc' dir='ltr'>βιβῶν</span> <span class='ocrx_word' id='word_1_264' title='bbox 809 2523 1078 2564; x_wconf 86' lang='lat' dir='ltr'>adscribatur</span> <span class='ocrx_word' id='word_1_265' title='bbox 1115 2522 1376 2577; x_wconf 87' lang='grc' dir='ltr'>Ἀρίσταρχος</span> <span class='ocrx_word' id='word_1_266' title='bbox 1414 2525 1550 2575; x_wconf 90' lang='grc' dir='ltr'>βιβάς.</span> 
     </span>
     <span class='ocr_line' id='line_1_34' title="bbox 158 2585 1551 2646; baseline 0.004 -20"><span class='ocrx_word' id='word_1_267' title='bbox 158 2585 267 2627; x_wconf 86' lang='lat' dir='ltr'>Nam</span> <span class='ocrx_word' id='word_1_268' title='bbox 287 2591 418 2638; x_wconf 86' lang='grc' dir='ltr'>βιβῶν</span> <span class='ocrx_word' id='word_1_269' title='bbox 439 2587 481 2627; x_wconf 91' lang='lat' dir='ltr'>in</span> <span class='ocrx_word' id='word_1_270' title='bbox 503 2588 648 2630; x_wconf 89' lang='lat' dir='ltr'>multis</span> <span class='ocrx_word' id='word_1_271' title='bbox 673 2590 980 2645; x_wconf 81' lang='lat' dir='ltr'>exemplaribus</span> <span class='ocrx_word' id='word_1_272' title='bbox 1007 2591 1212 2646; x_wconf 89' lang='lat' dir='ltr'>scriptum</span> <span class='ocrx_word' id='word_1_273' title='bbox 1232 2591 1358 2632; x_wconf 87' lang='lat' dir='ltr'>fuisse</span> <span class='ocrx_word' id='word_1_274' title='bbox 1379 2591 1462 2633; x_wconf 89' lang='lat' dir='ltr'>alia</span> <span class='ocrx_word' id='word_1_275' title='bbox 1482 2607 1551 2633; x_wconf 92' lang='lat' dir='ltr'>co-</span> 
     </span>
     <span class='ocr_line' id='line_1_35' title="bbox 156 2653 1548 2712; baseline 0.004 -18"><span class='ocrx_word' id='word_1_276' title='bbox 156 2653 260 2694; x_wconf 83' lang='lat' dir='ltr'>dicis</span> <span class='ocrx_word' id='word_1_277' title='bbox 293 2654 447 2695; x_wconf 90' lang='lat' dir='ltr'>Veneti</span> <span class='ocrx_word' id='word_1_278' title='bbox 478 2657 755 2698; x_wconf 86' lang='lat' dir='ltr'>annotatione</span> <span class='ocrx_word' id='word_1_279' title='bbox 786 2658 995 2709; x_wconf 85' lang='lat' dir='ltr'>docemur,</span> <span class='ocrx_word' id='word_1_280' title='bbox 1034 2663 1164 2709; x_wconf 87' lang='grc' dir='ltr'>βιβῶν</span> <span class='ocrx_word' id='word_1_281' title='bbox 1195 2660 1234 2699; x_wconf 85' lang='grc' dir='ltr'>αἱ</span> <span class='ocrx_word' id='word_1_282' title='bbox 1268 2662 1394 2699; x_wconf 79' lang='grc' dir='ltr'>πᾶσαι</span> <span class='ocrx_word' id='word_1_283' title='bbox 1425 2660 1548 2712; x_wconf 75' lang='grc' dir='ltr'>εἶχον.</span> 
     </span>
     <span class='ocr_line' id='line_1_36' title="bbox 158 2722 1550 2781; baseline 0.004 -19"><span class='ocrx_word' id='word_1_284' title='bbox 158 2722 373 2772; x_wconf 84' lang='grc' dir='ltr'>Ζηνόδοτος</span> <span class='ocrx_word' id='word_1_285' title='bbox 393 2726 513 2772; x_wconf 87' lang='grc' dir='ltr'>βοῶν.</span> <span class='ocrx_word' id='word_1_286' title='bbox 578 2724 703 2774; x_wconf 86' lang='grc' dir='ltr'>Βιβάς</span> <span class='ocrx_word' id='word_1_287' title='bbox 732 2725 862 2780; x_wconf 82' lang='lat' dir='ltr'>igitur</span> <span class='ocrx_word' id='word_1_288' title='bbox 892 2730 936 2766; x_wconf 80' lang='lat' dir='ltr'>et</span> <span class='ocrx_word' id='word_1_289' title='bbox 965 2725 1141 2776; x_wconf 86' lang='grc' dir='ltr'>βιβάντα</span> <span class='ocrx_word' id='word_1_290' title='bbox 1172 2726 1205 2766; x_wconf 85' lang='lat' dir='ltr'>si</span> <span class='ocrx_word' id='word_1_291' title='bbox 1233 2726 1409 2780; x_wconf 80' lang='lat' dir='ltr'>ant-iqua</span> <span class='ocrx_word' id='word_1_292' title='bbox 1438 2728 1550 2781; x_wconf 87' lang='lat' dir='ltr'>apud</span> 
     </span>
     <span class='ocr_line' id='line_1_37' title="bbox 160 2787 1551 2845; baseline 0.004 -17"><span class='ocrx_word' id='word_1_293' title='bbox 160 2787 392 2829; x_wconf 85' lang='lat' dir='ltr'>Homerum</span> <span class='ocrx_word' id='word_1_294' title='bbox 443 2789 653 2845; x_wconf 84' lang='lat' dir='ltr'>scriptura</span> <span class='ocrx_word' id='word_1_295' title='bbox 692 2791 786 2840; x_wconf 83' lang='lat' dir='ltr'>fuit,</span> <span class='ocrx_word' id='word_1_296' title='bbox 828 2807 912 2833; x_wconf 91' lang='lat' dir='ltr'>non</span> <span class='ocrx_word' id='word_1_297' title='bbox 951 2799 1018 2834; x_wconf 83' lang='lat' dir='ltr'>est</span> <span class='ocrx_word' id='word_1_298' title='bbox 1058 2793 1280 2834; x_wconf 85' lang='lat' dir='ltr'>verisimile</span> <span class='ocrx_word' id='word_1_299' title='bbox 1321 2794 1551 2835; x_wconf 87' lang='lat' dir='ltr'>Pindarum</span> 
     </span>
     <span class='ocr_line' id='line_1_38' title="bbox 159 2855 1549 2916; baseline 0.005 -21"><span class='ocrx_word' id='word_1_300' title='bbox 159 2855 323 2909; x_wconf 79' lang='lat' dir='ltr'>Olymp.</span> <span class='ocrx_word' id='word_1_301' title='bbox 346 2870 406 2908; x_wconf 85' lang='lat'>14,</span> <span class='ocrx_word' id='word_1_302' title='bbox 433 2870 497 2908; x_wconf 81' lang='lat'>24.</span> <span class='ocrx_word' id='word_1_303' title='bbox 525 2862 652 2910; x_wconf 83' lang='grc' dir='ltr'>κοῦφα</span> <span class='ocrx_word' id='word_1_304' title='bbox 676 2863 858 2909; x_wconf 79' lang='grc' dir='ltr'>βιβῶντα</span> <span class='ocrx_word' id='word_1_305' title='bbox 886 2860 1113 2914; x_wconf 84' lang='lat' dir='ltr'>scripsisse,</span> <span class='ocrx_word' id='word_1_306' title='bbox 1137 2862 1248 2914; x_wconf 87' lang='lat' dir='ltr'>quod</span> <span class='ocrx_word' id='word_1_307' title='bbox 1280 2861 1415 2915; x_wconf 87' lang='lat' dir='ltr'>ipsum</span> <span class='ocrx_word' id='word_1_308' title='bbox 1447 2876 1549 2916; x_wconf 91' lang='lat' dir='ltr'>quo-</span> 
     </span>
    </p>
   </div>
  </div>
 </body>
</html>
