1835 3256
227 207 292 247 xvi
738 206 1122 249 PRAEFATlo.

287 315 331 356 Ξ,
355 327 403 367 31
433 314 526 367 ὤν’]
553 311 654 362 On&
676 312 751 354 Le.
775 314 852 354 θινὶ
1093 324 1157 366 71.
1181 311 1350 368 ᾔδεα--]
1376 311 1502 352 l-Iunc
1525 327 1558 351 v.
1584 310 1624 350 in

226 395 358 433 marg.
383 381 512 422 habet
533 381 587 421 ab
609 395 658 421 oo
681 380 749 434 qui
772 380 930 421 scholia
952 381 991 420 in
1015 380 1205 434 margine
1227 378 1427 431 interiore
1456 377 1624 432 tud-jooit.

227 462 292 502 95.
316 453 356 489 δε
380 449 469 503 σευ]
499 450 540 488 δὲ
566 453 636 488 σεῦ
761 461 851 489 101.
875 448 965 489 ἀλλ’
991 447 1083 501 (sie,
1107 463 1187 489 non
1212 449 1334 501 ἀλλὰ)
1360 448 1627 488 ἀποπτανεου-

228 533 292 556 «τιν
491 530 498 555 ι
518 530 577 556 10.
602 517 645 556 οὗ
668 518 765 566 δηθὰ
786 517 1059 567 μαντεύσομεν
1081 516 1121 556 in
1146 520 1284 562 textu,
1305 515 1349 555 οὐ
1372 517 1469 565 δηθὰ
1487 515 1625 566 ματεύ-

228 601 352 634 σομεν
373 599 397 624 ει
420 599 473 624 m.
499 598 579 624 roc.
607 585 647 624 in
672 598 802 639 marg.
951 594 1039 638 135.
1063 583 1377 634 ἀλαοσσκοπιὴν,
1401 597 1482 622 non
1505 583 1628 625 ἀλαος

790 662 817 676 ,ι
1558 659 1566 674 ι
1592 659 1618 674 νε

229 701 391 734 σκοπιηι·
529 687 618 725 181.
645 662 834 737 ἀραρυῖειν
968 688 1060 736 264.
1084 687 1159 737 τιη]
1186 685 1248 735 τίὴ
1384 684 1477 724 286.
1500 659 1627 734 ἕμεῗνε

228 766 325 807 303.
350 753 390 792 οἵ
407 769 454 802 με
477 753 642 806 σφοῖσι]
667 770 729 805 γρ.
752 752 844 804 οἴμ’
869 755 912 793 ἐν
934 758 1075 804 σφοῖσι
1229 763 1323 805 307.
1348 749 1627 803 πολυπιδάκου]

1302 829 1315 844 Τ

228 853 491 894 πολυπίδακος
513 866 567 892 m.
593 866 674 892 roc.
698 851 738 892 in
761 867 892 907 marg.
1012 865 1110 907 373.
1134 853 1275 905 χερσὶν
1297 853 1339 892 δὲ
1363 854 1404 905 (τ
1424 865 1450 892 a
1469 865 1523 891 m.
1547 850 1628 904 pr.)

226 932 276 969 41
294 932 323 958 1.
349 919 407 974 ἐν]
432 918 484 959 ἕν’
732 932 829 971 420.
856 921 918 960 καὶ
940 921 1128 976 κόρυς-]
1154 919 1337 960 Versum
1360 932 1384 959 a
1404 932 1458 959 m.
1482 932 1562 959 sec.
1586 916 1628 956 in

227 1001 360 1042 nmrg.
382 987 524 1027 habet.
723 1000 821 1041 449·
844 988 1100 1040 ἐγχεσπάλος
1122 987 1188 1028 hic
1211 992 1254 1028 et·
1275 986 1388 1034 alibi,
1411 1000 1494 1027 non
1515 985 1626 1038 ἐγχέ·

229 1091 384 1130 σπαλος
519 1088 617 1138 484.
643 1089 708 1127 καί
727 1087 770 1127 κέ
791 1104 848 1129 τις
965 1101 1062 1143 499.
1086 1089 1159 1141 φη]
1189 1090 1245 1140 φῆ
1382 1099 1478 1141 522.
1501 1086 1623 1139 ὠρσῃ]

232 1163 346 1239 όρσῆι

289 1316 340 1362 O,
361 1326 450 1364 104.
476 1279 752 1364 dsppgziovres,
780 1313 807 1353 i.
825 1328 860 1354 e.
883 1312 1160 1366 ἀφραδέοντες,
1183 1313 1293 1368 quod
1316 1312 1359 1353 in
1379 1316 1502 1354 textu
1529 1311 1630 1368 legit

231 1390 302 1446 qui
325 1391 367 1431 in
388 1405 521 1446 marg.
539 1391 761 1433 annotavit
784 1391 862 1432 κατ’
881 1392 966 1433 ἔνια
986 1396 1063 1433 τῶν
1084 1392 1369 1444 ὑπομνημάτων
1386 1391 1632 1445 ἀφρονέοντα

1270 1470 1282 1485 Ε

234 1499 359 1544 (corr.
383 1494 647 1546 ἀφρονέοντες
668 1509 762 1535 cum
784 1494 982 1546 Cobeto).
1084 1496 1174 1535 116.
1199 1495 1386 1535 τισασθαι
1479 1505 1569 1533 120.
1594 1493 1630 1533 ἐ-

232 1572 375 1636 δύσὲτο
474 1596 561 1637 126.
586 1572 662 1636 ἆζὸ
750 1609 763 1635 1
775 1606 840 1649 79.
864 1595 1100 1650 πολεμιζων]
1117 1595 1340 1646 πολεμίξων
1425 1570 1628 1648 225.ενέρ·

1116 1673 1130 1688 τ
1584 1670 1615 1694 γε

233 1714 351 1749 τεροι,
374 1696 500 1738 litera
521 1714 539 1737 ε
560 1711 586 1737 a
605 1711 659 1737 m.
683 1711 764 1738 sec.
924 1710 1017 1751 235.
1041 1697 1091 1739 ὥς
1113 1713 1154 1737 κε
1312 1697 1405 1749 256.
1428 1693 1630 1746 πάροσπερ

1239 1772 1251 1787 Ε

237 1808 332 1851 272.
358 1796 586 1852 ἆγρειωται]
610 1798 820 1850 ἀγροιῶται
995 1811 1091 1852 301.
1116 1798 1256 1837 αἵαντα
1444 1807 1542 1849 320.
1568 1811 1631 1835 κα-

234 1865 387 1906 τένῶπα
581 1866 677 1918 326.
702 1866 764 1915 ὡς,
786 1879 869 1906 non
892 1866 941 1908 ὣς
962 1871 1005 1906 et,
1026 1865 1083 1905 sic
1105 1864 1193 1905 fere
1214 1877 1377 1917 semper
1399 1863 1449 1904 ὡς
1469 1876 1546 1916 pro
1567 1862 1629 1912 ὣς,

235 1931 364 1973 etiam
386 1931 428 1971 in
449 1932 627 1973 formula
649 1933 699 1974 ὡς
719 1932 858 1984 ἔφατο,
881 1932 961 1973 etsi
980 1946 1065 1973 non
1086 1935 1345 1973 constanter.
1449 1939 1545 1985 351.
1570 1931 1631 1971 κύ-

236 2034 316 2086 νες]
345 2032 406 2072 καὶ
430 2049 468 2075 ες
583 2034 680 2087 366.
706 2020 834 2086 φῧζαυ
942 2034 1037 2089 384.
1062 2009 1224 2084 gssztzzv
1331 2042 1429 2086 555.
1452 2031 1536 2086 οὐκ]
1557 2031 1632 2085 οὐχ

234 2102 333 2155 567.
358 2100 489 2156 ἔγχεϊ]
516 2101 618 2152 ἕρκεϊ
638 2115 785 2156 margo
806 2116 831 2142 a
852 2116 906 2142 m.
930 2115 1010 2142 rec.
1221 2101 1318 2154 586.
1343 2099 1403 2151 ὅγ’
1426 2100 1487 2151 ἇρ]
1514 2098 1534 2138 ὃ
1555 2100 1631 2151 γὰρ

236 2203 330 2241 602.
355 2177 484 2253 ὀρέξὲνι
602 2202 698 2255 639.
716 2199 902 2255 ἄνακτος]
927 2199 977 2240 Ιη
999 2214 1131 2254 marg.
1148 2199 1301 2240 ἀέθλων
1419 2200 1514 2253 645.
1531 2203 1630 2241 πᾶλ-

236 2317 292 2346 το,
316 2300 389 2340 sed
410 2304 646 2341 correctum
666 2302 795 2340 πάλτο
932 2301 1028 2340 666.
1051 2277 1277 2352 τρωπᾶσθοῐι
1414 2312 1494 2353 719
1516 2299 1628 2355 ἡμῖν]

235 2400 327 2450 ἥμιν
347 2397 389 2438 in
410 2403 532 2439 textu
554 2402 598 2439 et
618 2398 661 2438 in
682 2399 881 2439 lemmate
903 2398 1059 2439 scholii.
1201 2411 1221 2452 7
1229 2400 1294 2454 38·
1319 2377 1628 2451 ἔιπαμυναίμεσθ1

238 2477 332 2521 745.
359 2464 478 2520 τονδ’]
500 2466 568 2506 τὸν
590 2465 620 2505 δ’

293 2591 350 2637 Π,
369 2601 432 2630 12.
453 2588 706 2642 ἠε-ἠ-ἠε]
731 2588 963 2640 ἣέ-ἢ--ῆέ
1075 2591 1136 2630 16.
1160 2567 1396 2632 τεθνεηιώτων
1500 2599 1562 2642 17.
1584 2589 1630 2640 ἦε

238 2668 304 2696 21.
328 2655 501 2709 Πηλεος]
527 2655 679 2706 πηλέως
873 2669 941 2711 30.
962 2658 1015 2708 μὴ
1036 2657 1104 2709 ἐμέ
1123 2656 1157 2710 γ’
1182 2658 1250 2698 οὖν
1452 2669 1519 2712 95.
1543 2673 1629 2709 τρο-

238 2722 417 2763 πάασθαι
440 2721 484 2762 in
505 2727 640 2773 textu,
664 2727 891 2775 τρωπᾶσθαι
911 2724 953 2765 in
974 2739 1106 2780 marg.
1129 2740 1155 2766 a
1170 2739 1225 2766 m.
1242 2740 1323 2766 rec.
1455 2726 1523 2779 96.
1539 2724 1629 2766 τοὺς

237 2789 280 2829 δέ
301 2788 330 2829 τ’
353 2789 396 2829 in
416 2794 550 2840 textu,
575 2794 714 2832 τοῦσδε
735 2790 765 2832 δ’
789 2792 831 2832 in
852 2806 984 2848 marg.
1007 2807 1033 2834 a
1053 2807 1106 2833 m.
1130 2807 1210 2833 rec.
1359 2805 1450 2833 100.
1474 2792 1630 2843 λύωμεν
