<?xml version="1.0" encoding="UTF-8"?>
<!DOCTYPE html PUBLIC "-//W3C//DTD XHTML 1.0 Transitional//EN"
    "http://www.w3.org/TR/xhtml1/DTD/xhtml1-transitional.dtd">
<html xmlns="http://www.w3.org/1999/xhtml" xml:lang="en" lang="en">
 <head>
  <title>
</title>
<meta http-equiv="Content-Type" content="text/html;charset=utf-8" />
  <meta name='ocr-system' content='tesseract 3.04.00' />
  <meta name='ocr-capabilities' content='ocr_page ocr_carea ocr_par ocr_line ocrx_word'/>
</head>
<body>
  <div class='ocr_page' id='page_1' title='image "./iliasexrecogniti00homeuoft_0045.png"; bbox 0 0 1835 3256; ppageno 0'>
   <div class='ocr_carea' id='block_1_1' title="bbox 650 230 1556 270">
    <p class='ocr_par' dir='ltr' id='par_1_1' title="bbox 650 230 1556 270">
     <span class='ocr_line' id='line_1_1' title="bbox 650 230 1556 270; baseline -0.006 0"><span class='ocrx_word' id='word_1_1' title='bbox 650 233 1054 270; x_wconf 83' lang='lat' dir='ltr'><strong>SUMMARIA.</strong></span> <span class='ocrx_word' id='word_1_2' title='bbox 1505 230 1556 266; x_wconf 89' lang='lat' dir='ltr'><strong>xli</strong></span> 
     </span>
    </p>
   </div>
   <div class='ocr_carea' id='block_1_2' title="bbox 154 332 1555 447">
    <p class='ocr_par' dir='ltr' id='par_1_2' title="bbox 154 332 1555 447">
     <span class='ocr_line' id='line_1_2' title="bbox 154 332 1555 387; baseline -0.004 -13"><span class='ocrx_word' id='word_1_3' title='bbox 154 337 385 387; x_wconf 86' lang='lat' dir='ltr'>Eurypylum</span> <span class='ocrx_word' id='word_1_4' title='bbox 407 349 455 373; x_wconf 89' lang='lat' dir='ltr'><strong>ex</strong></span> <span class='ocrx_word' id='word_1_5' title='bbox 477 336 629 372; x_wconf 87' lang='lat' dir='ltr'><strong>vulnere</strong></span> <span class='ocrx_word' id='word_1_6' title='bbox 659 348 802 383; x_wconf 76' lang='lat' dir='ltr'><strong>aegruin</strong></span> <span class='ocrx_word' id='word_1_7' title='bbox 824 334 979 371; x_wconf 86' lang='lat' dir='ltr'><strong>offendit</strong></span> <span class='ocrx_word' id='word_1_8' title='bbox 1001 334 1109 381; x_wconf 87' lang='lat' dir='ltr'><strong>eique</strong></span> <span class='ocrx_word' id='word_1_9' title='bbox 1140 334 1176 369; x_wconf 89' lang='lat' dir='ltr'><strong>in</strong></span> <span class='ocrx_word' id='word_1_10' title='bbox 1205 333 1408 369; x_wconf 85' lang='lat' dir='ltr'><strong>tentorium</strong></span> <span class='ocrx_word' id='word_1_11' title='bbox 1431 332 1555 369; x_wconf 87' lang='lat' dir='ltr'><strong>delato</strong></span> 
     </span>
     <span class='ocr_line' id='line_1_3' title="bbox 154 398 612 447; baseline -0.011 -9"><span class='ocrx_word' id='word_1_12' title='bbox 154 401 324 438; x_wconf 87' lang='lat' dir='ltr'><strong>medetur</strong></span> <span class='ocrx_word' id='word_1_13' title='bbox 346 398 612 447; x_wconf 81' lang='lat'>(804-848).</span> 
     </span>
    </p>
   </div>
   <div class='ocr_carea' id='block_1_3' title="bbox 154 506 1556 1604">
    <p class='ocr_par' dir='ltr' id='par_1_3' title="bbox 815 506 905 542">
     <span class='ocr_line' id='line_1_4' title="bbox 815 506 905 542; baseline 0.011 -1"><span class='ocrx_word' id='word_1_14' title='bbox 815 506 905 542; x_wconf 86' lang='lat' dir='ltr'><strong>XII.</strong></span> 
     </span>
    </p>

    <p class='ocr_par' dir='ltr' id='par_1_4' title="bbox 154 581 1556 1604">
     <span class='ocr_line' id='line_1_5' title="bbox 209 581 1556 630; baseline -0.004 -9"><span class='ocrx_word' id='word_1_15' title='bbox 209 584 347 621; x_wconf 82' lang='lat' dir='ltr'><strong>Achivi</strong></span> <span class='ocrx_word' id='word_1_16' title='bbox 380 585 478 620; x_wconf 88' lang='lat' dir='ltr'><strong>intra</strong></span> <span class='ocrx_word' id='word_1_17' title='bbox 510 596 658 620; x_wconf 89' lang='lat' dir='ltr'><strong>murum</strong></span> <span class='ocrx_word' id='word_1_18' title='bbox 693 583 875 630; x_wconf 90' lang='lat' dir='ltr'><strong>compulsi</strong></span> <span class='ocrx_word' id='word_1_19' title='bbox 912 582 1089 628; x_wconf 87' lang='lat' dir='ltr'><strong>(invisum</strong></span> <span class='ocrx_word' id='word_1_20' title='bbox 1125 581 1194 618; x_wconf 85' lang='lat' dir='ltr'><strong>diis</strong></span> <span class='ocrx_word' id='word_1_21' title='bbox 1224 593 1328 630; x_wconf 77' lang='lat' dir='ltr'><strong>opUS.</strong></span> <span class='ocrx_word' id='word_1_22' title='bbox 1361 581 1406 617; x_wconf 85' lang='lat' dir='ltr'><strong>ab</strong></span> <span class='ocrx_word' id='word_1_23' title='bbox 1438 581 1556 630; x_wconf 83' lang='lat' dir='ltr'><strong>iisque</strong></span> 
     </span>
     <span class='ocr_line' id='line_1_6' title="bbox 157 646 1556 698; baseline -0.004 -12"><span class='ocrx_word' id='word_1_24' title='bbox 157 650 284 686; x_wconf 88' lang='lat' dir='ltr'><strong>statim</strong></span> <span class='ocrx_word' id='word_1_25' title='bbox 315 655 400 698; x_wconf 89' lang='lat' dir='ltr'><strong>post</strong></span> <span class='ocrx_word' id='word_1_26' title='bbox 426 649 545 697; x_wconf 84' lang='lat' dir='ltr'><strong>ipsam</strong></span> <span class='ocrx_word' id='word_1_27' title='bbox 572 649 702 685; x_wconf 89' lang='lat' dir='ltr'><strong>urbem</strong></span> <span class='ocrx_word' id='word_1_28' title='bbox 724 648 906 692; x_wconf 85' lang='lat' dir='ltr'><strong>deletum)</strong></span> <span class='ocrx_word' id='word_1_29' title='bbox 929 647 1113 696; x_wconf 92' lang='lat' dir='ltr'><strong>Trojanos</strong></span> <span class='ocrx_word' id='word_1_30' title='bbox 1139 647 1218 695; x_wconf 82' lang='lat' dir='ltr'><strong>jum</strong></span> <span class='ocrx_word' id='word_1_31' title='bbox 1249 646 1405 682; x_wconf 88' lang='lat' dir='ltr'><strong>navibus</strong></span> <span class='ocrx_word' id='word_1_32' title='bbox 1434 646 1556 682; x_wconf 88' lang='lat' dir='ltr'><strong>immi-</strong></span> 
     </span>
     <span class='ocr_line' id='line_1_7' title="bbox 155 709 1556 762; baseline -0.005 -11"><span class='ocrx_word' id='word_1_33' title='bbox 155 720 288 751; x_wconf 82' lang='lat' dir='ltr'><strong>nentes</strong></span> <span class='ocrx_word' id='word_1_34' title='bbox 307 714 448 757; x_wconf 89' lang='lat' dir='ltr'><strong>vident,</strong></span> <span class='ocrx_word' id='word_1_35' title='bbox 467 714 547 762; x_wconf 88' lang='lat' dir='ltr'><strong>jam</strong></span> <span class='ocrx_word' id='word_1_36' title='bbox 574 713 714 748; x_wconf 83' lang='lat' dir='ltr'><strong>fossam</strong></span> <span class='ocrx_word' id='word_1_37' title='bbox 738 717 1042 759; x_wconf 75' lang='lat' dir='ltr'>transgressuros</span> <span class='ocrx_word' id='word_1_38' title='bbox 1065 712 1159 757; x_wconf 85' lang='lat'><strong>(1—</strong></span> <span class='ocrx_word' id='word_1_39' title='bbox 1165 711 1248 758; x_wconf 86' lang='lat'>59).</span> <span class='ocrx_word' id='word_1_40' title='bbox 1308 710 1377 745; x_wconf 89' lang='lat' dir='ltr'><strong>Rei</strong></span> <span class='ocrx_word' id='word_1_41' title='bbox 1397 709 1556 745; x_wconf 87' lang='lat' dir='ltr'><strong>difficul-</strong></span> 
     </span>
     <span class='ocr_line' id='line_1_8' title="bbox 154 775 1554 827; baseline -0.003 -12"><span class='ocrx_word' id='word_1_42' title='bbox 154 785 231 815; x_wconf 84' lang='lat' dir='ltr'><strong>tate</strong></span> <span class='ocrx_word' id='word_1_43' title='bbox 259 779 420 827; x_wconf 90' lang='lat' dir='ltr'><strong>primum</strong></span> <span class='ocrx_word' id='word_1_44' title='bbox 452 778 604 815; x_wconf 84' lang='lat' dir='ltr'><strong>attoniti</strong></span> <span class='ocrx_word' id='word_1_45' title='bbox 631 790 716 813; x_wconf 88' lang='lat' dir='ltr'><strong>mox</strong></span> <span class='ocrx_word' id='word_1_46' title='bbox 747 776 1032 825; x_wconf 88' lang='lat' dir='ltr'><strong>Polydamantis</strong></span> <span class='ocrx_word' id='word_1_47' title='bbox 1059 775 1205 812; x_wconf 90' lang='lat' dir='ltr'><strong>monitu</strong></span> <span class='ocrx_word' id='word_1_48' title='bbox 1232 776 1278 812; x_wconf 92' lang='lat' dir='ltr'><strong>de</strong></span> <span class='ocrx_word' id='word_1_49' title='bbox 1299 775 1469 812; x_wconf 89' lang='lat' dir='ltr'><strong>curribus</strong></span> <span class='ocrx_word' id='word_1_50' title='bbox 1489 775 1554 811; x_wconf 86' lang='lat' dir='ltr'><strong>de-</strong></span> 
     </span>
     <span class='ocr_line' id='line_1_9' title="bbox 154 840 1554 890; baseline -0.002 -11"><span class='ocrx_word' id='word_1_51' title='bbox 154 844 340 880; x_wconf 87' lang='lat' dir='ltr'><strong>scendunt</strong></span> <span class='ocrx_word' id='word_1_52' title='bbox 379 850 417 879; x_wconf 88' lang='lat' dir='ltr'><strong>et</strong></span> <span class='ocrx_word' id='word_1_53' title='bbox 455 843 492 878; x_wconf 93' lang='lat' dir='ltr'><strong>in</strong></span> <span class='ocrx_word' id='word_1_54' title='bbox 528 842 691 890; x_wconf 86' lang='lat' dir='ltr'><strong>quinque</strong></span> <span class='ocrx_word' id='word_1_55' title='bbox 730 847 900 878; x_wconf 88' lang='lat' dir='ltr'><strong>catervas</strong></span> <span class='ocrx_word' id='word_1_56' title='bbox 939 840 1047 876; x_wconf 85' lang='lat' dir='ltr'><strong>divisi</strong></span> <span class='ocrx_word' id='word_1_57' title='bbox 1086 841 1281 877; x_wconf 91' lang='lat' dir='ltr'><strong>incurrunt</strong></span> <span class='ocrx_word' id='word_1_58' title='bbox 1317 841 1554 889; x_wconf 73' lang='lat'>(60—107.)</span> 
     </span>
     <span class='ocr_line' id='line_1_10' title="bbox 154 905 1555 956; baseline -0.002 -12"><span class='ocrx_word' id='word_1_59' title='bbox 154 908 267 944; x_wconf 84' lang='lat' dir='ltr'><strong>Asius</strong></span> <span class='ocrx_word' id='word_1_60' title='bbox 294 921 403 944; x_wconf 90' lang='lat' dir='ltr'><strong>unam</strong></span> <span class='ocrx_word' id='word_1_61' title='bbox 428 913 621 956; x_wconf 87' lang='lat' dir='ltr'><strong>portarum</strong></span> <span class='ocrx_word' id='word_1_62' title='bbox 642 919 690 943; x_wconf 83' lang='lat' dir='ltr'><strong>ex</strong></span> <span class='ocrx_word' id='word_1_63' title='bbox 710 918 821 942; x_wconf 89' lang='lat' dir='ltr'><strong>curru</strong></span> <span class='ocrx_word' id='word_1_64' title='bbox 848 905 1007 954; x_wconf 86' lang='lat' dir='ltr'><strong>aggredi</strong></span> <span class='ocrx_word' id='word_1_65' title='bbox 1037 918 1150 941; x_wconf 85' lang='lat' dir='ltr'><strong>ausus</strong></span> <span class='ocrx_word' id='word_1_66' title='bbox 1175 918 1197 941; x_wconf 90' lang='lat' dir='ltr'><strong>a</strong></span> <span class='ocrx_word' id='word_1_67' title='bbox 1216 905 1363 942; x_wconf 89' lang='lat' dir='ltr'><strong>duobus</strong></span> <span class='ocrx_word' id='word_1_68' title='bbox 1385 905 1555 954; x_wconf 85' lang='lat' dir='ltr'><strong>Lapithis</strong></span> 
     </span>
     <span class='ocr_line' id='line_1_11' title="bbox 154 970 1555 1021; baseline -0.001 -12"><span class='ocrx_word' id='word_1_69' title='bbox 154 985 239 1009; x_wconf 91' lang='lat' dir='ltr'><strong>cum</strong></span> <span class='ocrx_word' id='word_1_70' title='bbox 261 985 400 1021; x_wconf 85' lang='lat' dir='ltr'><strong>magna</strong></span> <span class='ocrx_word' id='word_1_71' title='bbox 420 972 524 1009; x_wconf 88' lang='lat' dir='ltr'><strong>clade</strong></span> <span class='ocrx_word' id='word_1_72' title='bbox 546 984 697 1008; x_wconf 88' lang='lat' dir='ltr'><strong>suorum</strong></span> <span class='ocrx_word' id='word_1_73' title='bbox 719 971 886 1019; x_wconf 81' lang='lat' dir='ltr'><strong>rejicitur</strong></span> <span class='ocrx_word' id='word_1_74' title='bbox 909 970 1053 1017; x_wconf 77' lang='grc'>(108-</span> <span class='ocrx_word' id='word_1_75' title='bbox 1071 972 1172 1019; x_wconf 85' lang='lat'><strong>194.)</strong></span> <span class='ocrx_word' id='word_1_76' title='bbox 1229 970 1389 1006; x_wconf 90' lang='lat' dir='ltr'><strong>Infausti</strong></span> <span class='ocrx_word' id='word_1_77' title='bbox 1409 971 1555 1020; x_wconf 90' lang='lat' dir='ltr'><strong>augurii</strong></span> 
     </span>
     <span class='ocr_line' id='line_1_12' title="bbox 155 1035 1554 1086; baseline -0.004 -12"><span class='ocrx_word' id='word_1_78' title='bbox 155 1038 413 1086; x_wconf 83' lang='lat' dir='ltr'><strong>interpretatio</strong></span> <span class='ocrx_word' id='word_1_79' title='bbox 435 1050 456 1074; x_wconf 89' lang='lat' dir='ltr'><strong>a</strong></span> <span class='ocrx_word' id='word_1_80' title='bbox 476 1037 747 1086; x_wconf 86' lang='lat' dir='ltr'><strong>Polydamante</strong></span> <span class='ocrx_word' id='word_1_81' title='bbox 767 1037 866 1072; x_wconf 84' lang='lat' dir='ltr'><strong>facta</strong></span> <span class='ocrx_word' id='word_1_82' title='bbox 884 1035 1093 1072; x_wconf 88' lang='lat' dir='ltr'><strong>Hectorem</strong></span> <span class='ocrx_word' id='word_1_83' title='bbox 1113 1048 1189 1071; x_wconf 91' lang='lat' dir='ltr'><strong>non</strong></span> <span class='ocrx_word' id='word_1_84' title='bbox 1211 1036 1376 1073; x_wconf 86' lang='lat' dir='ltr'><strong>deterret</strong></span> <span class='ocrx_word' id='word_1_85' title='bbox 1391 1049 1412 1072; x_wconf 86' lang='lat' dir='ltr'><strong>a</strong></span> <span class='ocrx_word' id='word_1_86' title='bbox 1428 1049 1554 1084; x_wconf 90' lang='lat' dir='ltr'><strong>perse-</strong></span> 
     </span>
     <span class='ocr_line' id='line_1_13' title="bbox 155 1101 1555 1151; baseline -0.001 -12"><span class='ocrx_word' id='word_1_87' title='bbox 155 1103 313 1151; x_wconf 88' lang='lat' dir='ltr'><strong>quendis</strong></span> <span class='ocrx_word' id='word_1_88' title='bbox 332 1103 504 1138; x_wconf 84' lang='lat' dir='ltr'><strong>hostibus</strong></span> <span class='ocrx_word' id='word_1_89' title='bbox 527 1103 792 1150; x_wconf 82' lang='lat'>(195—250).</span> <span class='ocrx_word' id='word_1_90' title='bbox 854 1101 908 1137; x_wconf 92' lang='lat' dir='ltr'><strong>Hi</strong></span> <span class='ocrx_word' id='word_1_91' title='bbox 929 1101 999 1137; x_wconf 87' lang='lat' dir='ltr'><strong>etsi</strong></span> <span class='ocrx_word' id='word_1_92' title='bbox 1022 1101 1232 1148; x_wconf 86' lang='lat' dir='ltr'><strong>procelloso</strong></span> <span class='ocrx_word' id='word_1_93' title='bbox 1252 1107 1366 1137; x_wconf 91' lang='lat' dir='ltr'><strong>vento</strong></span> <span class='ocrx_word' id='word_1_94' title='bbox 1386 1102 1555 1150; x_wconf 89' lang='lat' dir='ltr'><strong>impediti</strong></span> 
     </span>
     <span class='ocr_line' id='line_1_14' title="bbox 155 1165 1556 1215; baseline -0.002 -11"><span class='ocrx_word' id='word_1_95' title='bbox 155 1168 389 1204; x_wconf 87' lang='lat' dir='ltr'><strong>munimenta</strong></span> <span class='ocrx_word' id='word_1_96' title='bbox 419 1180 487 1203; x_wconf 88' lang='lat' dir='ltr'><strong>sua</strong></span> <span class='ocrx_word' id='word_1_97' title='bbox 516 1167 652 1203; x_wconf 89' lang='lat' dir='ltr'><strong>acriter</strong></span> <span class='ocrx_word' id='word_1_98' title='bbox 681 1166 900 1208; x_wconf 87' lang='lat' dir='ltr'><strong>defendunt,</strong></span> <span class='ocrx_word' id='word_1_99' title='bbox 931 1165 1112 1214; x_wconf 90' lang='lat' dir='ltr'><strong>imprimis</strong></span> <span class='ocrx_word' id='word_1_100' title='bbox 1143 1166 1216 1201; x_wconf 90' lang='lat' dir='ltr'><strong>duo</strong></span> <span class='ocrx_word' id='word_1_101' title='bbox 1243 1166 1381 1214; x_wconf 89' lang='lat' dir='ltr'><strong>Ajaces</strong></span> <span class='ocrx_word' id='word_1_102' title='bbox 1404 1168 1556 1215; x_wconf 81' lang='lat'>(251—</span> 
     </span>
     <span class='ocr_line' id='line_1_15' title="bbox 161 1230 1556 1281; baseline -0.001 -13"><span class='ocrx_word' id='word_1_103' title='bbox 161 1233 267 1281; x_wconf 82' lang='lat'>289).</span> <span class='ocrx_word' id='word_1_104' title='bbox 312 1232 397 1268; x_wconf 87' lang='lat' dir='ltr'><strong>Alia</strong></span> <span class='ocrx_word' id='word_1_105' title='bbox 416 1237 521 1280; x_wconf 87' lang='lat' dir='ltr'><strong>parte</strong></span> <span class='ocrx_word' id='word_1_106' title='bbox 543 1231 739 1279; x_wconf 85' lang='lat' dir='ltr'><strong>Sarpedon</strong></span> <span class='ocrx_word' id='word_1_107' title='bbox 760 1239 797 1267; x_wconf 88' lang='lat' dir='ltr'><strong>et</strong></span> <span class='ocrx_word' id='word_1_108' title='bbox 818 1231 984 1267; x_wconf 85' lang='lat' dir='ltr'><strong>Glaucus</strong></span> <span class='ocrx_word' id='word_1_109' title='bbox 1004 1230 1164 1271; x_wconf 90' lang='lat' dir='ltr'><strong>irruunt,</strong></span> <span class='ocrx_word' id='word_1_110' title='bbox 1186 1230 1319 1277; x_wconf 91' lang='lat' dir='ltr'><strong>quibus</strong></span> <span class='ocrx_word' id='word_1_111' title='bbox 1340 1244 1379 1267; x_wconf 90' lang='lat' dir='ltr'><strong>se</strong></span> <span class='ocrx_word' id='word_1_112' title='bbox 1400 1232 1556 1280; x_wconf 90' lang='lat' dir='ltr'><strong>opponit</strong></span> 
     </span>
     <span class='ocr_line' id='line_1_16' title="bbox 155 1295 1553 1345; baseline 0 -12"><span class='ocrx_word' id='word_1_113' title='bbox 155 1297 403 1334; x_wconf 87' lang='lat' dir='ltr'><strong>Menestheus</strong></span> <span class='ocrx_word' id='word_1_114' title='bbox 424 1297 470 1333; x_wconf 92' lang='lat' dir='ltr'><strong>ab</strong></span> <span class='ocrx_word' id='word_1_115' title='bbox 490 1309 608 1344; x_wconf 89' lang='lat' dir='ltr'><strong>eoque</strong></span> <span class='ocrx_word' id='word_1_116' title='bbox 629 1296 798 1332; x_wconf 87' lang='lat' dir='ltr'><strong>arcessiti</strong></span> <span class='ocrx_word' id='word_1_117' title='bbox 813 1296 909 1343; x_wconf 84' lang='lat' dir='ltr'><strong>Ajax</strong></span> <span class='ocrx_word' id='word_1_118' title='bbox 931 1296 1053 1342; x_wconf 89' lang='lat' dir='ltr'><strong>major</strong></span> <span class='ocrx_word' id='word_1_119' title='bbox 1072 1300 1110 1330; x_wconf 91' lang='lat' dir='ltr'><strong>et</strong></span> <span class='ocrx_word' id='word_1_120' title='bbox 1124 1295 1268 1330; x_wconf 88' lang='lat' dir='ltr'><strong>Teucer</strong></span> <span class='ocrx_word' id='word_1_121' title='bbox 1290 1298 1553 1345; x_wconf 86' lang='lat'>(290—377).</span> 
     </span>
     <span class='ocr_line' id='line_1_17' title="bbox 156 1359 1552 1410; baseline -0.001 -12"><span class='ocrx_word' id='word_1_122' title='bbox 156 1360 387 1410; x_wconf 86' lang='lat' dir='ltr'><strong>Sarpedonis</strong></span> <span class='ocrx_word' id='word_1_123' title='bbox 408 1361 531 1397; x_wconf 90' lang='lat' dir='ltr'><strong>socius</strong></span> <span class='ocrx_word' id='word_1_124' title='bbox 551 1360 702 1408; x_wconf 88' lang='lat' dir='ltr'><strong>Epicles</strong></span> <span class='ocrx_word' id='word_1_125' title='bbox 732 1361 777 1396; x_wconf 87' lang='lat' dir='ltr'><strong>ab</strong></span> <span class='ocrx_word' id='word_1_126' title='bbox 798 1360 924 1408; x_wconf 90' lang='lat' dir='ltr'><strong>Ajace,</strong></span> <span class='ocrx_word' id='word_1_127' title='bbox 947 1360 1114 1395; x_wconf 88' lang='lat' dir='ltr'><strong>Glaucus</strong></span> <span class='ocrx_word' id='word_1_128' title='bbox 1135 1371 1156 1395; x_wconf 88' lang='lat' dir='ltr'><strong>a</strong></span> <span class='ocrx_word' id='word_1_129' title='bbox 1175 1359 1320 1395; x_wconf 90' lang='lat' dir='ltr'><strong>Teucro</strong></span> <span class='ocrx_word' id='word_1_130' title='bbox 1341 1361 1552 1404; x_wconf 87' lang='lat' dir='ltr'><strong>sauciatur;</strong></span> 
     </span>
     <span class='ocr_line' id='line_1_18' title="bbox 155 1424 1555 1474; baseline 0.001 -12"><span class='ocrx_word' id='word_1_131' title='bbox 155 1427 307 1462; x_wconf 83' lang='lat' dir='ltr'><strong>tandein</strong></span> <span class='ocrx_word' id='word_1_132' title='bbox 329 1439 349 1462; x_wconf 87' lang='lat' dir='ltr'><strong>a</strong></span> <span class='ocrx_word' id='word_1_133' title='bbox 371 1425 591 1474; x_wconf 86' lang='lat' dir='ltr'><strong>Sarpedone</strong></span> <span class='ocrx_word' id='word_1_134' title='bbox 619 1426 735 1474; x_wconf 90' lang='lat' dir='ltr'><strong>pinna</strong></span> <span class='ocrx_word' id='word_1_135' title='bbox 756 1425 853 1461; x_wconf 89' lang='lat' dir='ltr'><strong>muri</strong></span> <span class='ocrx_word' id='word_1_136' title='bbox 880 1424 1072 1460; x_wconf 85' lang='lat' dir='ltr'><strong>revellitur</strong></span> <span class='ocrx_word' id='word_1_137' title='bbox 1095 1425 1360 1473; x_wconf 84' lang='lat'>(378—399).</span> <span class='ocrx_word' id='word_1_138' title='bbox 1417 1425 1555 1474; x_wconf 84' lang='lat' dir='ltr'><strong>Lycios</strong></span> 
     </span>
     <span class='ocr_line' id='line_1_19' title="bbox 155 1488 1556 1538; baseline 0.001 -13"><span class='ocrx_word' id='word_1_139' title='bbox 155 1502 304 1525; x_wconf 90' lang='lat' dir='ltr'><strong>murum</strong></span> <span class='ocrx_word' id='word_1_140' title='bbox 334 1496 578 1538; x_wconf 89' lang='lat' dir='ltr'><strong>perrupturos</strong></span> <span class='ocrx_word' id='word_1_141' title='bbox 608 1489 720 1525; x_wconf 87' lang='lat' dir='ltr'><strong>etiam</strong></span> <span class='ocrx_word' id='word_1_142' title='bbox 752 1501 852 1525; x_wconf 91' lang='lat' dir='ltr'><strong>nunc</strong></span> <span class='ocrx_word' id='word_1_143' title='bbox 882 1488 1033 1524; x_wconf 86' lang='lat' dir='ltr'><strong>fortiter</strong></span> <span class='ocrx_word' id='word_1_144' title='bbox 1062 1495 1192 1524; x_wconf 87' lang='lat' dir='ltr'><strong>arcent</strong></span> <span class='ocrx_word' id='word_1_145' title='bbox 1225 1489 1377 1531; x_wconf 86' lang='lat' dir='ltr'><strong>Achivi;</strong></span> <span class='ocrx_word' id='word_1_146' title='bbox 1413 1490 1556 1527; x_wconf 89' lang='lat' dir='ltr'><strong>Hector</strong></span> 
     </span>
     <span class='ocr_line' id='line_1_20' title="bbox 155 1553 1555 1604; baseline 0.001 -13"><span class='ocrx_word' id='word_1_147' title='bbox 155 1560 279 1591; x_wconf 85' lang='lat' dir='ltr'><strong>autern</strong></span> <span class='ocrx_word' id='word_1_148' title='bbox 301 1560 449 1603; x_wconf 88' lang='lat' dir='ltr'><strong>portam</strong></span> <span class='ocrx_word' id='word_1_149' title='bbox 469 1555 620 1603; x_wconf 88' lang='lat' dir='ltr'><strong>ingesto</strong></span> <span class='ocrx_word' id='word_1_150' title='bbox 641 1567 733 1590; x_wconf 85' lang='lat' dir='ltr'><strong>saxo</strong></span> <span class='ocrx_word' id='word_1_151' title='bbox 754 1554 908 1590; x_wconf 85' lang='lat' dir='ltr'><strong>discutit</strong></span> <span class='ocrx_word' id='word_1_152' title='bbox 929 1554 1078 1601; x_wconf 87' lang='lat' dir='ltr'><strong>suisque</strong></span> <span class='ocrx_word' id='word_1_153' title='bbox 1100 1553 1195 1589; x_wconf 86' lang='lat' dir='ltr'><strong>viam</strong></span> <span class='ocrx_word' id='word_1_154' title='bbox 1218 1554 1265 1590; x_wconf 88' lang='lat' dir='ltr'><strong>ad</strong></span> <span class='ocrx_word' id='word_1_155' title='bbox 1292 1567 1406 1591; x_wconf 86' lang='lat' dir='ltr'><strong>naves</strong></span> <span class='ocrx_word' id='word_1_156' title='bbox 1435 1556 1555 1604; x_wconf 84' lang='lat' dir='ltr'><strong>aperit</strong></span> 
     </span>
    </p>
   </div>
   <div class='ocr_carea' id='block_1_4' title="bbox 158 1620 909 1751">
    <p class='ocr_par' dir='ltr' id='par_1_5' title="bbox 158 1620 909 1751">
     <span class='ocr_line' id='line_1_21' title="bbox 158 1620 423 1667; baseline 0 -2"><span class='ocrx_word' id='word_1_157' title='bbox 158 1620 360 1667; x_wconf 81' lang='lat'>(400—47</span> <span class='ocrx_word' id='word_1_158' title='bbox 376 1621 423 1665; x_wconf 77' lang='lat'><strong>¹)-</strong></span> 
     </span>
     <span class='ocr_line' id='line_1_22' title="bbox 795 1715 909 1751; baseline -0.009 0"><span class='ocrx_word' id='word_1_159' title='bbox 795 1715 909 1751; x_wconf 84' lang='lat' dir='ltr'><strong>XIII.</strong></span> 
     </span>
    </p>
   </div>
   <div class='ocr_carea' id='block_1_5' title="bbox 154 1796 1558 2752">
    <p class='ocr_par' dir='ltr' id='par_1_6' title="bbox 154 1796 1558 2752">
     <span class='ocr_line' id='line_1_23' title="bbox 207 1796 1553 1849; baseline 0.004 -17"><span class='ocrx_word' id='word_1_160' title='bbox 207 1796 361 1844; x_wconf 85' lang='lat' dir='ltr'><strong>Trojani</strong></span> <span class='ocrx_word' id='word_1_161' title='bbox 385 1796 523 1844; x_wconf 88' lang='lat' dir='ltr'><strong>passim</strong></span> <span class='ocrx_word' id='word_1_162' title='bbox 554 1803 728 1845; x_wconf 87' lang='lat' dir='ltr'><strong>superato</strong></span> <span class='ocrx_word' id='word_1_163' title='bbox 759 1809 866 1833; x_wconf 90' lang='lat' dir='ltr'><strong>muro</strong></span> <span class='ocrx_word' id='word_1_164' title='bbox 896 1797 1046 1833; x_wconf 83' lang='lat' dir='ltr'><strong>caedunt</strong></span> <span class='ocrx_word' id='word_1_165' title='bbox 1066 1797 1244 1840; x_wconf 83' lang='lat' dir='ltr'><strong>Achivos,</strong></span> <span class='ocrx_word' id='word_1_166' title='bbox 1257 1811 1380 1846; x_wconf 69' lang='lat' dir='ltr'><strong>quum</strong></span> <span class='ocrx_word' id='word_1_167' title='bbox 1402 1800 1553 1849; x_wconf 90' lang='lat' dir='ltr'><strong>Neptu-</strong></span> 
     </span>
     <span class='ocr_line' id='line_1_24' title="bbox 154 1861 1556 1902; baseline 0.004 -5"><span class='ocrx_word' id='word_1_168' title='bbox 154 1874 224 1897; x_wconf 91' lang='lat' dir='ltr'><strong>nus</strong></span> <span class='ocrx_word' id='word_1_169' title='bbox 255 1861 494 1898; x_wconf 88' lang='lat' dir='ltr'><strong>miseratione</strong></span> <span class='ocrx_word' id='word_1_170' title='bbox 522 1867 734 1898; x_wconf 88' lang='lat' dir='ltr'><strong>commotus</strong></span> <span class='ocrx_word' id='word_1_171' title='bbox 758 1862 854 1898; x_wconf 86' lang='lat' dir='ltr'><strong>ciam</strong></span> <span class='ocrx_word' id='word_1_172' title='bbox 874 1862 969 1898; x_wconf 92' lang='lat' dir='ltr'><strong>Jove</strong></span> <span class='ocrx_word' id='word_1_173' title='bbox 989 1862 1140 1898; x_wconf 91' lang='lat' dir='ltr'><strong>tuendis</strong></span> <span class='ocrx_word' id='word_1_174' title='bbox 1169 1863 1327 1900; x_wconf 87' lang='lat' dir='ltr'><strong>navibus</strong></span> <span class='ocrx_word' id='word_1_175' title='bbox 1356 1865 1556 1902; x_wconf 81' lang='lat' dir='ltr'><strong>auxiliator</strong></span> 
     </span>
     <span class='ocr_line' id='line_1_25' title="bbox 154 1926 1554 1978; baseline 0.004 -16"><span class='ocrx_word' id='word_1_176' title='bbox 154 1926 298 1962; x_wconf 89' lang='lat' dir='ltr'><strong>accedit</strong></span> <span class='ocrx_word' id='word_1_177' title='bbox 316 1927 504 1973; x_wconf 86' lang='lat'>(1—42):</span> <span class='ocrx_word' id='word_1_178' title='bbox 534 1927 596 1974; x_wconf 93' lang='lat' dir='ltr'><strong>qui</strong></span> <span class='ocrx_word' id='word_1_179' title='bbox 617 1927 777 1974; x_wconf 89' lang='lat' dir='ltr'><strong>primum</strong></span> <span class='ocrx_word' id='word_1_180' title='bbox 799 1927 892 1962; x_wconf 90' lang='lat' dir='ltr'><strong>duos</strong></span> <span class='ocrx_word' id='word_1_181' title='bbox 913 1926 1066 1975; x_wconf 85' lang='lat' dir='ltr'><strong>Ajaces,</strong></span> <span class='ocrx_word' id='word_1_182' title='bbox 1089 1934 1169 1963; x_wconf 90' lang='lat' dir='ltr'><strong>tum</strong></span> <span class='ocrx_word' id='word_1_183' title='bbox 1190 1935 1335 1965; x_wconf 86' lang='lat' dir='ltr'><strong>ceteros</strong></span> <span class='ocrx_word' id='word_1_184' title='bbox 1356 1930 1554 1978; x_wconf 87' lang='lat' dir='ltr'><strong>principes,</strong></span> 
     </span>
     <span class='ocr_line' id='line_1_26' title="bbox 154 1990 1553 2043; baseline 0.004 -17"><span class='ocrx_word' id='word_1_185' title='bbox 154 1991 319 2027; x_wconf 84' lang='lat' dir='ltr'><strong>humana</strong></span> <span class='ocrx_word' id='word_1_186' title='bbox 345 1990 467 2038; x_wconf 83' lang='lat' dir='ltr'><strong>specie</strong></span> <span class='ocrx_word' id='word_1_187' title='bbox 495 1991 647 2026; x_wconf 89' lang='lat' dir='ltr'><strong>indutus</strong></span> <span class='ocrx_word' id='word_1_188' title='bbox 672 1991 719 2026; x_wconf 89' lang='lat' dir='ltr'><strong>ad</strong></span> <span class='ocrx_word' id='word_1_189' title='bbox 739 1991 947 2027; x_wconf 88' lang='lat' dir='ltr'><strong>obsistendi</strong></span> <span class='ocrx_word' id='word_1_190' title='bbox 976 1992 1218 2039; x_wconf 83' lang='lat' dir='ltr'><strong>pertinaciam</strong></span> <span class='ocrx_word' id='word_1_191' title='bbox 1245 1994 1465 2030; x_wconf 87' lang='lat' dir='ltr'><strong>cohortatur</strong></span> <span class='ocrx_word' id='word_1_192' title='bbox 1487 1998 1553 2043; x_wconf 82' lang='lat'><strong>(43</strong></span> 
     </span>
     <span class='ocr_line' id='line_1_27' title="bbox 154 2054 1556 2103; baseline 0.004 -12"><span class='ocrx_word' id='word_1_193' title='bbox 154 2067 227 2091; x_wconf 78' lang='lat'><strong>—1</strong></span> <span class='ocrx_word' id='word_1_194' title='bbox 240 2056 319 2101; x_wconf 85' lang='lat'>24).</span> <span class='ocrx_word' id='word_1_195' title='bbox 374 2055 497 2103; x_wconf 87' lang='lat' dir='ltr'><strong>Igitur</strong></span> <span class='ocrx_word' id='word_1_196' title='bbox 517 2054 658 2103; x_wconf 85' lang='lat' dir='ltr'><strong>Ajaces</strong></span> <span class='ocrx_word' id='word_1_197' title='bbox 678 2063 716 2091; x_wconf 89' lang='lat' dir='ltr'><strong>et</strong></span> <span class='ocrx_word' id='word_1_198' title='bbox 736 2055 796 2091; x_wconf 86' lang='lat' dir='ltr'><strong>alii</strong></span> <span class='ocrx_word' id='word_1_199' title='bbox 819 2055 1022 2092; x_wconf 89' lang='lat' dir='ltr'><strong>Hectorem</strong></span> <span class='ocrx_word' id='word_1_200' title='bbox 1044 2057 1080 2091; x_wconf 91' lang='lat' dir='ltr'><strong>in</strong></span> <span class='ocrx_word' id='word_1_201' title='bbox 1102 2057 1224 2093; x_wconf 90' lang='lat' dir='ltr'><strong>media</strong></span> <span class='ocrx_word' id='word_1_202' title='bbox 1244 2058 1321 2094; x_wconf 85' lang='lat' dir='ltr'><strong>acie</strong></span> <span class='ocrx_word' id='word_1_203' title='bbox 1341 2058 1388 2094; x_wconf 87' lang='lat' dir='ltr'><strong>ab</strong></span> <span class='ocrx_word' id='word_1_204' title='bbox 1409 2060 1556 2096; x_wconf 82' lang='lat' dir='ltr'><strong>excidio</strong></span> 
     </span>
     <span class='ocr_line' id='line_1_28' title="bbox 156 2119 1557 2170; baseline 0.004 -15"><span class='ocrx_word' id='word_1_205' title='bbox 156 2119 307 2156; x_wconf 87' lang='lat' dir='ltr'><strong>navium</strong></span> <span class='ocrx_word' id='word_1_206' title='bbox 327 2124 455 2155; x_wconf 86' lang='lat' dir='ltr'><strong>arcent</strong></span> <span class='ocrx_word' id='word_1_207' title='bbox 478 2120 728 2168; x_wconf 77' lang='lat'>(125—205)</span> <span class='ocrx_word' id='word_1_208' title='bbox 747 2134 756 2160; x_wconf 69' lang='grc' dir='ltr'><strong>ς</strong></span> <span class='ocrx_word' id='word_1_209' title='bbox 787 2133 877 2156; x_wconf 88' lang='lat' dir='ltr'><strong>mox</strong></span> <span class='ocrx_word' id='word_1_210' title='bbox 898 2120 1123 2157; x_wconf 88' lang='lat' dir='ltr'><strong>Idomeneus</strong></span> <span class='ocrx_word' id='word_1_211' title='bbox 1150 2134 1171 2157; x_wconf 88' lang='lat' dir='ltr'><strong>a</strong></span> <span class='ocrx_word' id='word_1_212' title='bbox 1192 2122 1374 2170; x_wconf 89' lang='lat' dir='ltr'><strong>Neptuno</strong></span> <span class='ocrx_word' id='word_1_213' title='bbox 1395 2124 1430 2159; x_wconf 94' lang='lat' dir='ltr'><strong>in</strong></span> <span class='ocrx_word' id='word_1_214' title='bbox 1453 2137 1557 2162; x_wconf 83' lang='lat' dir='ltr'><strong>arma</strong></span> 
     </span>
     <span class='ocr_line' id='line_1_29' title="bbox 155 2183 1557 2236; baseline 0.005 -17"><span class='ocrx_word' id='word_1_215' title='bbox 155 2184 369 2232; x_wconf 86' lang='lat' dir='ltr'><strong>instigatus,</strong></span> <span class='ocrx_word' id='word_1_216' title='bbox 391 2189 584 2231; x_wconf 87' lang='lat' dir='ltr'><strong>assumpto</strong></span> <span class='ocrx_word' id='word_1_217' title='bbox 605 2183 791 2225; x_wconf 85' lang='lat' dir='ltr'><strong>Merione,</strong></span> <span class='ocrx_word' id='word_1_218' title='bbox 813 2184 861 2220; x_wconf 89' lang='lat' dir='ltr'><strong>ad</strong></span> <span class='ocrx_word' id='word_1_219' title='bbox 880 2184 1068 2221; x_wconf 87' lang='lat' dir='ltr'><strong>sinistram</strong></span> <span class='ocrx_word' id='word_1_220' title='bbox 1089 2185 1234 2222; x_wconf 83' lang='lat' dir='ltr'><strong>afflictis</strong></span> <span class='ocrx_word' id='word_1_221' title='bbox 1255 2188 1437 2224; x_wconf 87' lang='lat' dir='ltr'><strong>succurrit</strong></span> <span class='ocrx_word' id='word_1_222' title='bbox 1459 2190 1557 2236; x_wconf 87' lang='lat'><em>(206</em></span> 
     </span>
     <span class='ocr_line' id='line_1_30' title="bbox 155 2248 1554 2303; baseline 0.005 -20"><span class='ocrx_word' id='word_1_223' title='bbox 155 2248 323 2297; x_wconf 85' lang='lat'>—329).</span> <span class='ocrx_word' id='word_1_224' title='bbox 380 2248 528 2284; x_wconf 84' lang='lat' dir='ltr'><strong>Exinde</strong></span> <span class='ocrx_word' id='word_1_225' title='bbox 548 2254 657 2284; x_wconf 81' lang='lat' dir='ltr'><strong>atrox</strong></span> <span class='ocrx_word' id='word_1_226' title='bbox 677 2249 849 2297; x_wconf 87' lang='lat' dir='ltr'><strong>proelium</strong></span> <span class='ocrx_word' id='word_1_227' title='bbox 870 2250 1090 2292; x_wconf 86' lang='lat' dir='ltr'><strong>conseritur,</strong></span> <span class='ocrx_word' id='word_1_228' title='bbox 1117 2250 1156 2286; x_wconf 90' lang='lat' dir='ltr'><strong>in</strong></span> <span class='ocrx_word' id='word_1_229' title='bbox 1177 2264 1250 2299; x_wconf 92' lang='lat' dir='ltr'><strong>quo</strong></span> <span class='ocrx_word' id='word_1_230' title='bbox 1269 2253 1440 2301; x_wconf 85' lang='lat' dir='ltr'><strong>Trojanis</strong></span> <span class='ocrx_word' id='word_1_231' title='bbox 1459 2255 1483 2290; x_wconf 89' lang='lat' dir='ltr'><strong>J</strong></span> <span class='ocrx_word' id='word_1_232' title='bbox 1487 2268 1554 2303; x_wconf 90' lang='lat' dir='ltr'><strong>up-</strong></span> 
     </span>
     <span class='ocr_line' id='line_1_31' title="bbox 155 2313 1557 2367; baseline 0.006 -19"><span class='ocrx_word' id='word_1_233' title='bbox 155 2313 264 2361; x_wconf 87' lang='lat' dir='ltr'><strong>piter,</strong></span> <span class='ocrx_word' id='word_1_234' title='bbox 285 2313 440 2349; x_wconf 88' lang='lat' dir='ltr'><strong>Achivis</strong></span> <span class='ocrx_word' id='word_1_235' title='bbox 464 2313 667 2362; x_wconf 84' lang='lat' dir='ltr'><strong>Neptunus</strong></span> <span class='ocrx_word' id='word_1_236' title='bbox 695 2314 808 2356; x_wconf 87' lang='lat' dir='ltr'><strong>favet,</strong></span> <span class='ocrx_word' id='word_1_237' title='bbox 833 2314 930 2350; x_wconf 91' lang='lat' dir='ltr'><strong>inter</strong></span> <span class='ocrx_word' id='word_1_238' title='bbox 957 2314 1127 2352; x_wconf 89' lang='lat' dir='ltr'><strong>Achivos</strong></span> <span class='ocrx_word' id='word_1_239' title='bbox 1153 2316 1347 2354; x_wconf 90' lang='lat' dir='ltr'><strong>Idomenei</strong></span> <span class='ocrx_word' id='word_1_240' title='bbox 1375 2319 1557 2367; x_wconf 88' lang='lat' dir='ltr'><strong>imprimis</strong></span> 
     </span>
     <span class='ocr_line' id='line_1_32' title="bbox 156 2377 1555 2428; baseline 0.006 -15"><span class='ocrx_word' id='word_1_241' title='bbox 156 2377 275 2413; x_wconf 90' lang='lat' dir='ltr'><strong>virtus</strong></span> <span class='ocrx_word' id='word_1_242' title='bbox 295 2383 486 2426; x_wconf 87' lang='lat' dir='ltr'><strong>spectatur</strong></span> <span class='ocrx_word' id='word_1_243' title='bbox 503 2380 540 2425; x_wconf 86' lang='lat'><strong>(3</strong></span> <span class='ocrx_word' id='word_1_244' title='bbox 548 2389 651 2425; x_wconf 82' lang='lat'>30—-</span> <span class='ocrx_word' id='word_1_245' title='bbox 657 2378 768 2426; x_wconf 83' lang='lat'>362).</span> <span class='ocrx_word' id='word_1_246' title='bbox 818 2379 856 2414; x_wconf 90' lang='lat' dir='ltr'><strong>Is</strong></span> <span class='ocrx_word' id='word_1_247' title='bbox 872 2379 1150 2428; x_wconf 90' lang='lat' dir='ltr'><strong>Othryoneum,</strong></span> <span class='ocrx_word' id='word_1_248' title='bbox 1169 2382 1312 2424; x_wconf 90' lang='lat' dir='ltr'><strong>Asium‚</strong></span> <span class='ocrx_word' id='word_1_249' title='bbox 1331 2384 1555 2422; x_wconf 88' lang='lat' dir='ltr'><strong>Alcathoum</strong></span> 
     </span>
     <span class='ocr_line' id='line_1_33' title="bbox 156 2442 1557 2490; baseline 0.006 -13"><span class='ocrx_word' id='word_1_250' title='bbox 156 2442 355 2484; x_wconf 82' lang='lat' dir='ltr'><strong>interficit3</strong></span> <span class='ocrx_word' id='word_1_251' title='bbox 387 2443 560 2490; x_wconf 91' lang='lat' dir='ltr'><strong>idemque</strong></span> <span class='ocrx_word' id='word_1_252' title='bbox 590 2455 675 2479; x_wconf 91' lang='lat' dir='ltr'><strong>cum</strong></span> <span class='ocrx_word' id='word_1_253' title='bbox 702 2443 888 2486; x_wconf 83' lang='lat' dir='ltr'><strong>Merione,</strong></span> <span class='ocrx_word' id='word_1_254' title='bbox 913 2445 1130 2488; x_wconf 91' lang='lat' dir='ltr'><strong>Antilocho,</strong></span> <span class='ocrx_word' id='word_1_255' title='bbox 1157 2446 1348 2489; x_wconf 85' lang='lat' dir='ltr'><strong>Menelao,</strong></span> <span class='ocrx_word' id='word_1_256' title='bbox 1377 2449 1557 2486; x_wconf 84' lang='lat' dir='ltr'><strong>adversus</strong></span> 
     </span>
     <span class='ocr_line' id='line_1_34' title="bbox 157 2507 1558 2560; baseline 0.005 -18"><span class='ocrx_word' id='word_1_257' title='bbox 157 2507 333 2550; x_wconf 84' lang='lat' dir='ltr'><strong>AEneam,</strong></span> <span class='ocrx_word' id='word_1_258' title='bbox 350 2507 604 2555; x_wconf 72' lang='lat' dir='ltr'><strong>Deiphobum,</strong></span> <span class='ocrx_word' id='word_1_259' title='bbox 623 2507 827 2551; x_wconf 89' lang='lat' dir='ltr'><strong>Helenum,</strong></span> <span class='ocrx_word' id='word_1_260' title='bbox 846 2509 1018 2546; x_wconf 88' lang='lat' dir='ltr'><strong>Paridem</strong></span> <span class='ocrx_word' id='word_1_261' title='bbox 1037 2523 1215 2558; x_wconf 88' lang='lat' dir='ltr'><strong>prospere</strong></span> <span class='ocrx_word' id='word_1_262' title='bbox 1237 2511 1389 2548; x_wconf 88' lang='lat' dir='ltr'><strong>dimicat</strong></span> <span class='ocrx_word' id='word_1_263' title='bbox 1407 2515 1474 2560; x_wconf 84' lang='lat'><strong>(36</strong></span> <span class='ocrx_word' id='word_1_264' title='bbox 1477 2525 1558 2559; x_wconf 85' lang='lat'><strong>3—</strong></span> 
     </span>
     <span class='ocr_line' id='line_1_35' title="bbox 160 2571 1557 2621; baseline 0.004 -15"><span class='ocrx_word' id='word_1_265' title='bbox 160 2571 271 2618; x_wconf 89' lang='lat'><strong>672).</strong></span> <span class='ocrx_word' id='word_1_266' title='bbox 332 2571 459 2608; x_wconf 89' lang='lat' dir='ltr'><strong>Etiam</strong></span> <span class='ocrx_word' id='word_1_267' title='bbox 482 2572 687 2608; x_wconf 87' lang='lat' dir='ltr'><strong>Hectorem</strong></span> <span class='ocrx_word' id='word_1_268' title='bbox 717 2573 839 2609; x_wconf 89' lang='lat' dir='ltr'><strong>medio</strong></span> <span class='ocrx_word' id='word_1_269' title='bbox 866 2586 977 2621; x_wconf 90' lang='lat' dir='ltr'><strong>quem</strong></span> <span class='ocrx_word' id='word_1_270' title='bbox 1006 2575 1145 2610; x_wconf 91' lang='lat' dir='ltr'><strong>dudum</strong></span> <span class='ocrx_word' id='word_1_271' title='bbox 1171 2576 1292 2612; x_wconf 89' lang='lat' dir='ltr'><strong>tenuit</strong></span> <span class='ocrx_word' id='word_1_272' title='bbox 1317 2577 1401 2613; x_wconf 91' lang='lat' dir='ltr'><strong>loco</strong></span> <span class='ocrx_word' id='word_1_273' title='bbox 1421 2579 1474 2614; x_wconf 89' lang='lat' dir='ltr'><strong>sic</strong></span> <span class='ocrx_word' id='word_1_274' title='bbox 1495 2591 1557 2614; x_wconf 88' lang='lat' dir='ltr'><strong>ur-</strong></span> 
     </span>
     <span class='ocr_line' id='line_1_36' title="bbox 157 2634 1554 2690; baseline 0.006 -20"><span class='ocrx_word' id='word_1_275' title='bbox 157 2641 250 2683; x_wconf 88' lang='lat' dir='ltr'><strong>gent</strong></span> <span class='ocrx_word' id='word_1_276' title='bbox 277 2634 417 2683; x_wconf 89' lang='lat' dir='ltr'><strong>Ajaces</strong></span> <span class='ocrx_word' id='word_1_277' title='bbox 446 2641 483 2672; x_wconf 90' lang='lat' dir='ltr'><strong>et</strong></span> <span class='ocrx_word' id='word_1_278' title='bbox 512 2636 592 2672; x_wconf 88' lang='lat' dir='ltr'><strong>aliae</strong></span> <span class='ocrx_word' id='word_1_279' title='bbox 622 2642 792 2678; x_wconf 87' lang='lat' dir='ltr'><strong>catervae,</strong></span> <span class='ocrx_word' id='word_1_280' title='bbox 823 2643 865 2673; x_wconf 91' lang='lat' dir='ltr'><strong>ut</strong></span> <span class='ocrx_word' id='word_1_281' title='bbox 895 2639 1053 2686; x_wconf 84' lang='lat' dir='ltr'><strong>gradum</strong></span> <span class='ocrx_word' id='word_1_282' title='bbox 1080 2640 1159 2687; x_wconf 84' lang='lat' dir='ltr'><strong>jam</strong></span> <span class='ocrx_word' id='word_1_283' title='bbox 1191 2641 1353 2677; x_wconf 85' lang='lat' dir='ltr'><strong>referant</strong></span> <span class='ocrx_word' id='word_1_284' title='bbox 1373 2642 1554 2690; x_wconf 86' lang='lat' dir='ltr'><strong>Trojani:</strong></span> 
     </span>
     <span class='ocr_line' id='line_1_37' title="bbox 158 2700 1554 2752; baseline 0.006 -17"><span class='ocrx_word' id='word_1_285' title='bbox 158 2700 223 2736; x_wconf 90' lang='lat' dir='ltr'><strong>sed</strong></span> <span class='ocrx_word' id='word_1_286' title='bbox 255 2700 533 2747; x_wconf 83' lang='lat' dir='ltr'><strong>Polydamantis</strong></span> <span class='ocrx_word' id='word_1_287' title='bbox 565 2701 720 2737; x_wconf 91' lang='lat' dir='ltr'><strong>consilio</strong></span> <span class='ocrx_word' id='word_1_288' title='bbox 752 2702 920 2738; x_wconf 79' lang='lat' dir='ltr'><strong>firmatus</strong></span> <span class='ocrx_word' id='word_1_289' title='bbox 954 2703 1096 2739; x_wconf 81' lang='lat' dir='ltr'><strong>Hector</strong></span> <span class='ocrx_word' id='word_1_290' title='bbox 1126 2711 1279 2752; x_wconf 81' lang='lat' dir='ltr'><strong>repente</strong></span> <span class='ocrx_word' id='word_1_291' title='bbox 1313 2706 1489 2743; x_wconf 83' lang='lat' dir='ltr'><strong>collectos</strong></span> <span class='ocrx_word' id='word_1_292' title='bbox 1520 2709 1554 2743; x_wconf 85' lang='lat' dir='ltr'><strong>in</strong></span> 
     </span>
    </p>
   </div>
   <div class='ocr_carea' id='block_1_6' title="bbox 157 2764 1556 2877">
    <p class='ocr_par' dir='ltr' id='par_1_7' title="bbox 157 2764 1556 2877">
     <span class='ocr_line' id='line_1_38' title="bbox 157 2764 1556 2819; baseline 0.007 -21"><span class='ocrx_word' id='word_1_293' title='bbox 157 2764 304 2799; x_wconf 86' lang='lat' dir='ltr'><strong>hostem</strong></span> <span class='ocrx_word' id='word_1_294' title='bbox 326 2764 427 2799; x_wconf 91' lang='lat' dir='ltr'><strong>ducit</strong></span> <span class='ocrx_word' id='word_1_295' title='bbox 451 2764 714 2811; x_wconf 81' lang='lat'>(673—808).</span> <span class='ocrx_word' id='word_1_296' title='bbox 775 2766 923 2802; x_wconf 86' lang='lat' dir='ltr'><strong>Novam</strong></span> <span class='ocrx_word' id='word_1_297' title='bbox 952 2780 1116 2815; x_wconf 81' lang='lat' dir='ltr'><strong>pugnam</strong></span> <span class='ocrx_word' id='word_1_298' title='bbox 1142 2769 1213 2805; x_wconf 82' lang='lat' dir='ltr'><strong>ciet</strong></span> <span class='ocrx_word' id='word_1_299' title='bbox 1234 2770 1333 2817; x_wconf 82' lang='lat' dir='ltr'><strong>Ajax</strong></span> <span class='ocrx_word' id='word_1_300' title='bbox 1354 2777 1391 2807; x_wconf 88' lang='lat' dir='ltr'><strong>et</strong></span> <span class='ocrx_word' id='word_1_301' title='bbox 1412 2771 1556 2819; x_wconf 87' lang='lat' dir='ltr'><strong>ingenti</strong></span> 
     </span>
     <span class='ocr_line' id='line_1_39' title="bbox 159 2828 994 2877; baseline 0.004 -14"><span class='ocrx_word' id='word_1_302' title='bbox 159 2828 343 2875; x_wconf 84' lang='lat' dir='ltr'><strong>utrimque</strong></span> <span class='ocrx_word' id='word_1_303' title='bbox 363 2828 525 2864; x_wconf 84' lang='lat' dir='ltr'><strong>clamore</strong></span> <span class='ocrx_word' id='word_1_304' title='bbox 548 2834 711 2865; x_wconf 84' lang='lat' dir='ltr'><strong>certatur</strong></span> <span class='ocrx_word' id='word_1_305' title='bbox 734 2830 935 2877; x_wconf 84' lang='lat'>(809—-83</span> <span class='ocrx_word' id='word_1_306' title='bbox 945 2832 994 2876; x_wconf 93' lang='lat'><strong>7).</strong></span> 
     </span>
    </p>
   </div>
  </div>
 </body>
</html>
