1835 3256
675 254 1049 297 PRAEFATIo.
1456 253 1556 294 xxiii

163 362 272 403 viter
303 360 552 403 affirmantis
585 361 683 416 poni
718 361 825 402 solet
860 360 996 402 locum
1029 359 1158 400 habet
1190 358 1232 398 in
1267 358 1478 399 sententia
1506 372 1560 398 ex

163 429 370 486 particula
405 429 540 484 qualis
577 431 666 470 ἐπεί
697 433 762 470 est
796 428 1019 483 pendente,
1057 432 1098 467 et
1136 431 1184 467 ut
1220 426 1376 467 habere
1411 425 1558 480 possit,

163 502 306 539 tamen
338 497 431 552 plus
463 511 546 537 uno
579 496 621 536 in
653 495 745 536 loco
777 495 902 538 πάθος
933 494 1114 536 orationi
1146 493 1324 535 adderet
1356 493 1560 547 ineptum,

163 564 278 606 velut
308 564 351 604 in
383 563 593 604 locut-ione
625 563 709 604 ἐπεὶ
739 563 762 613 ἦ
793 563 896 603 πολὺ
927 562 1114 614 φέρτερόν
1135 563 1243 602 ἐστιν
1263 560 1560 614 similibusque,

164 647 258 688 quae
290 631 420 673 etiam
456 631 544 672 sine
580 631 649 672 illo
681 631 705 681 ἦ
741 630 854 672 dicta
889 629 1172 685 reperiuntur,
1196 628 1309 670 velut
1343 629 1428 669 ἐπεὶ
1461 628 1564 668 πολὺ

164 699 356 753 φέρτερον
382 699 452 750 ἦεν
474 699 522 740 Il.
547 701 587 747 6,
609 700 700 753 158,
739 709 775 752 7,
796 711 887 752 105.
952 697 1106 752 Itaque
1142 698 1228 737 ἐπεὶ
1258 697 1280 748 ἧ
1317 696 1429 744 illud,
1453 696 1564 751 quod

165 767 469 809 recentioribus
505 772 548 808 et
584 766 761 807 Homeri
796 772 840 807 et
881 765 1054 806 aliorum
1095 769 1316 820 poetarum
1353 763 1565 818 epicorum

164 835 419 877 editionibus
449 849 560 889 saepe
591 834 755 875 illatum
786 838 866 882 est,
896 848 974 889 ego
1006 847 1151 873 rursus
1184 832 1336 887 expuli,
1366 832 1566 873 restituto

167 903 290 954 ἐπειή,
313 903 355 943 in
383 917 465 958 quo
495 907 518 954 ἦ
551 902 652 943 nihil
673 902 784 943 aliud
805 906 870 943 est
891 916 1017 957 quam
1038 901 1162 942 litera
1182 900 1449 956 paragogica,
1474 914 1566 954 quae

160 971 251 1026 jam
284 971 520 1026 Tryphonis
556 970 767 1012 sententia
801 969 894 1010 fuit.
957 969 1109 1010 Tribus
1144 968 1255 1009 enim
1288 974 1426 1023 poetae
1463 967 1568 1022 epici

167 1039 384 1094 particulae
405 1038 550 1080 formis
572 1038 635 1080 usi
658 1044 769 1088 sunt,
791 1042 918 1093 prout
940 1051 1107 1092 quoque
1128 1036 1170 1076 in
1192 1036 1282 1077 loeo
1303 1036 1569 1077 commodum

167 1112 306 1148 metro
345 1113 471 1156 esset,
510 1106 690 1148 iambica
730 1106 827 1157 ἐπεί,
864 1105 1090 1146 bacchiaca
1131 1104 1275 1155 ἐπειδή,
1312 1103 1570 1158 anapaestica

169 1175 302 1226 ἐπειή;
335 1189 433 1216 nam
458 1174 597 1215 media
627 1173 751 1228 hujus
782 1173 928 1214 formae
957 1173 1117 1228 syllaba
1144 1186 1351 1226 nusquam
1377 1185 1460 1212 non
1482 1185 1570 1212 cor-

169 1243 335 1298 ripitur.

827 1298 915 1339 III.

234 1393 247 1420 1
256 1412 266 1430 ‚
291 1392 382 1434 193.
406 1379 484 1422 εἷος
511 1380 532 1419 ὁ
557 1377 664 1419 ταῦθ’
689 1377 873 1432 ὥρμαινε]
905 1376 1180 1418 scribebatur
1202 1376 1274 1419 ἕως
1296 1377 1316 1417 ὁ
1336 1374 1570 1416 vostr—hic

170 1452 214 1490 et
234 1447 332 1489 alibi
353 1447 394 1488 in
416 1446 564 1488 iisdem
583 1445 722 1487 verbis
741 1445 870 1498 (infra
887 1459 956 1501 93.
982 1458 1047 1493 10,
1063 1456 1162 1499 507.
1188 1457 1364 1496 11‚411,
1394 1456 1456 1495 17,
1478 1444 1571 1489 106,

177 1517 240 1564 18,
260 1528 323 1570 15.
356 1514 504 1569 odyss.
526 1531 566 1567 4,
589 1526 678 1554 120.
698 1513 987 1568 5,365.424.)
1011 1517 1054 1552 et
1079 1511 1123 1551 in
1144 1510 1332 1552 versibus
1362 1511 1417 1552 ab
1449 1511 1522 1552 ἕως
1553 1512 1573 1550 ὁ

171 1586 224 1638 τῷ
245 1582 563 1634 πολέμιζε-(ΙΙ.
591 1595 656 1636 15,
671 1586 807 1637 539),
833 1582 904 1623 ἕως
926 1582 946 1620 ὁ
966 1581 1036 1620 τὸν
1056 1578 1336 1632 πεδίοιο-(ΙΙ.
1357 1591 1422 1626 21,
1438 1579 1572 1628 602.)‚

174 1652 246 1694 ἕως
277 1650 584 1705 e'yCo—(Odyss.
608 1665 648 1701 4,
667 1651 770 1705 90.),
804 1649 877 1691 ἕως
908 1647 962 1688 ἔθ’
994 1646 1302 1701 v‘y'ssryv—(Iliad.
1334 1647 1485 1701 fragm.
1508 1647 1571 1700 5.)

174 1718 481 1774 incipientibus,
517 1719 579 1760 vel
620 1718 663 1758 in
697 1718 827 1759 verba,
869 1718 940 1759 ἔως
981 1717 1119 1768 ἵκηται,
1159 1716 1230 1758 ἕως
1272 1717 1459 1766 ἐπῆλθον,
1503 1716 1575 1758 ἕως

173 1788 316 1836 ἵκοντο,
359 1788 431 1830 ἕως
470 1788 568 1827 ἵκοιο
610 1785 860 1827 exeuntibus
896 1784 967 1839 (Il.
996 1797 1174 1838 13,141.
1241 1783 1390 1838 Odyss.
1422 1794 1460 1838 7,
1478 1784 1573 1824 280.

179 1867 243 1908 15.
263 1867 355 1906 ¹09·
382 1855 595 1909 19,367.),
619 1859 663 1895 et
693 1854 737 1894 in
765 1853 904 1894 medio
931 1867 1053 1893 versu
1077 1852 1226 1906 Odyss.
1250 1865 1289 1904 9,
1306 1864 1401 1906 233.
1423 1852 1572 1901 ἥμενοι,

175 1922 247 1965 ἕως
270 1923 416 1972 ἐπῆλθε
438 1922 633 1973 υέμων-.
695 1921 939 1976 Cujusmodi
970 1921 1013 1961 in
1043 1919 1146 1961 locis
1174 1919 1366 1960 omnibus
1390 1919 1575 1960 editores

176 1990 249 2032 ἕως
263 1989 595 2044 monosyllabum
610 1989 878 2044 pronunciari
895 1993 961 2041 (ut
982 1993 1048 2029 est
1066 1987 1115 2027 Il.
1135 1999 1195 2041 17,
1209 1999 1303 2039 727.
1329 1988 1399 2030 ἕως
1413 1989 1486 2038 μὲν
1501 1989 1575 2039 γάρ

175 2075 219 2100 τε
254 2058 389 2099 θέουσι
419 2061 642 2110 διαρραῖσαι
676 2058 911 2109 μεμαῶτες),
934 2055 1170 2111 proximam
1199 2059 1342 2096 autem
1373 2054 1576 2109 syllabam

175 2127 344 2167 brevem
365 2125 503 2167 nescio
525 2140 609 2180 quo
629 2125 806 2166 artificio
827 2124 1003 2180 produci
1024 2123 1268 2164 voluerunt:
1300 2123 1411 2163 unde
1431 2124 1576 2164 absur-

177 2194 271 2235 dior
300 2193 443 2249 prodit
472 2193 592 2248 pedis
621 2193 870 2248 compositio
893 2206 1019 2248 quam
1048 2206 1139 2245 quae
1168 2190 1240 2231 ulli
1267 2196 1404 2245 poetae
1427 2191 1576 2232 Graeco

178 2261 378 2317 imputari
410 2276 533 2316 posse
565 2261 771 2302 videatur.
845 2261 959 2312 Quos
991 2259 1082 2314 quis
1113 2263 1238 2299 tanta
1272 2259 1398 2300 fuisse
1431 2259 1578 2300 credat

178 2329 433 2371 hebetudine
453 2334 502 2371 ut
523 2344 653 2384 quum
674 2329 767 2370 duae
789 2334 1009 2369 exstarent
1030 2327 1153 2381 hujus
1181 2326 1397 2381 particulae
1417 2327 1579 2376 formae,

182 2399 254 2441 ἕως
289 2403 332 2439 et
368 2399 466 2447 εἵως,
499 2398 556 2439 ad
595 2397 832 2438 istiusmodi
872 2395 1053 2451 ineptias
1092 2395 1315 2450 confugere
1354 2394 1580 2435 maluerint

182 2481 309 2522 quam
329 2466 464 2508 altera
483 2465 554 2507 illa
576 2466 712 2506 forma
741 2465 817 2514 uti,
840 2482 869 2506 ω
900 2464 1024 2519 longo
1054 2463 1098 2503 in
1128 2463 1254 2503 breve
1284 2467 1463 2513 mutato,
1487 2463 1577 2509 εἷος,

183 2533 535 2589 quemadmodum
562 2533 604 2573 in
625 2532 716 2574 aliis
736 2532 950 2573 vocabulis
980 2545 1063 2572 non
1093 2530 1238 2585 paucis
1268 2530 1448 2571 iambica
1478 2530 1579 2570 (lua-

182 2617 277 2643 rum
316 2602 570 2656 syllabarum
609 2615 808 2642 mensura
847 2600 890 2640 in
930 2599 1192 2641 trochaicam
1233 2599 1298 2639 vel
1338 2598 1426 2639 vice
1461 2612 1582 2638 versa

184 2669 316 2711 abiit?
347 2669 443 2710 Non
476 2669 644 2724 fugerat
678 2669 756 2710 hoc
792 2668 1088 2709 Hermannum
1124 2666 1257 2707 Elem.
1292 2667 1425 2707 doctr.
1457 2672 1579 2707 metr.

185 2753 226 2792 p.
241 2752 324 2793 59„
347 2751 526 2792 quocum
556 2751 634 2792 ego
664 2751 774 2777 nunc
794 2737 969 2778 tandem
1001 2736 1077 2778 εἷος
1107 2735 1207 2775 locis
1234 2735 1473 2776 Homericis
1504 2734 1583 2775 illis

185 2806 378 2846 omnibus
402 2805 583 2846 restitui.
645 2804 806 2856 Quibus
833 2804 1021 2845 dubitari
1050 2808 1193 2858 potest
1226 2818 1281 2845 an
1313 2804 1395 2844 duo
1423 2803 1493 2845 alii
1515 2816 1583 2843 ac-

187 2874 335 2914 cedere
356 2873 550 2921 debeant,
574 2873 724 2927 Odyss.
752 2885 814 2927 13,
829 2885 927 2927 315·
951 2877 994 2913 et
1021 2884 1085 2926 15,
1111 2884 1119 2910 ι
1129 2883 1198 2925 53.
