1835 3256
214 214 247 248 xl
732 208 764 242 F.
787 209 829 242 Λ.
860 207 903 240 W
921 207 955 241 ()
977 206 1003 241 Ι,
1025 205 1048 240 1³
1069 205 1077 239 l

208 317 390 364 principes
411 315 605 351 confirmat
634 313 844 351 Diouwdvs,
868 318 900 347 ct
926 311 969 346 iul
993 310 1232 358 pci·tina‹.·iain
1258 306 1449 355 pugnandi
1479 305 1603 341 hortu-

207 389 266 417 tur
291 383 558 427 (Mur—713).

884 475 929 509 X.

263 573 498 619 Agamemno
528 568 709 603 insomnis
740 579 823 602 cum
852 566 964 601 fratrc
999 564 1175 600 Menelao
1209 562 1313 598 lectis=
1341 566 1499 597 evocant
1526 560 1604 596 Nc-

206 645 347 673 storcm
368 642 403 671 ct
426 635 518 670 alios
548 633 769 681 principum,
792 644 875 668 cnm
899 631 1015 678 iisque
1039 629 1216 665 excubias
1243 627 1289 663 ad
1307 627 1444 662 fossam
1467 626 1608 661 obeunt

209 702 419 749 (1—1943).
479 697 648 735 Consilio
670 697 717 733 ibi
747 703 785 733 nt
814 697 849 732 in
874 695 1029 743 trepidis
1059 694 1169 730 rebus
1200 692 1326 728 habito
1348 691 1502 727 mittunt
1523 702 1606 737 spe-

206 767 391 802 culatores
426 764 461 799 in
493 770 616 800 castra
643 762 809 810 Trojana
843 760 1065 796 Diomedem
1101 763 1211 806 atque
1248 757 1420 805 Ulyssem
1458 757 1609 804 (194—

211 835 319 878 271).
382 829 454 865 His
475 829 706 875 aliquantum
727 825 939 875 progressis
967 836 1110 872 pra·pes
1141 823 1219 859 avis
1249 833 1469 869 prosperum
1494 831 1607 868 augu-

207 895 302 932 rium
333 895 441 930 affert
475 892 744 940 (272—298).
805 890 948 926 Eodem
984 894 1153 936 tempore
1194 887 1421 923 Achivorum
1456 883 1611 920 consilia

207 960 442 1008 exploratum
467 958 655 1006 prodierat
676 957 862 1004 Trojanns
885 955 1049 1002 quidam,
1073 953 1182 994 Dolo,
1207 951 1387 988 Hectoris
1417 949 1610 998 promissis

208 1025 395 1066 incitatus,
418 1036 527 1070 quem
559 1023 604 1057 ad
635 1021 780 1057 navalia
802 1033 915 1067 quum
938 1019 1100 1054 maxime
1122 1018 1339 1054 tendentem
1361 1016 1411 1051 illi
1437 1027 1606 1062 compre-

208 1089 378 1124 hendunt
402 1087 667 1136 (299—381).
728 1085 800 1120 Hic
822 1097 935 1132 quum
964 1084 1078 1119 vitam
1109 1082 1179 1118 sibi
1209 1082 1430 1128 deprecatus
1460 1091 1609 1115 omnem

209 1152 322 1188 situm
343 1157 551 1188 castrorum
572 1156 610 1187 et
636 1150 696 1186 ubi
729 1149 890 1190 Rhesus,
914 1160 980 1184 rex
1001 1147 1205 1188 Thracum,
1226 1145 1399 1181 tenderet
1423 1143 1611 1185 indicavit,

208 1217 379 1266 proditor
399 1230 420 1252 a
440 1216 623 1252 Diomede
644 1214 827 1251 occiditur
850 1212 1112 1260 (382--464).
1169 1210 1254 1247 Jarn
1286 1214 1449 1258 pergunt
1476 1208 1521 1244 ad
1549 1220 1611 1244 cu-

211 1282 300 1318 bilia
330 1281 458 1320 Rhesi.
490 1294 600 1328 quem
631 1280 744 1315 modo
772 1277 989 1315 subvenisse
1021 1289 1105 1313 cum
1138 1275 1348 1323 insignibus
1377 1274 1480 1322 equis
1507 1273 1610 1309 audi-

213 1352 332 1387 erant,
350 1352 387 1382 et
402 1346 523 1393 ipsum
545 1345 692 1392 quidem
715 1356 801 1380 eum
823 1342 1020 1378 duodecim
1042 1341 1151 1376 sociis
1172 1341 1373 1376 obtruncat
1395 1338 1610 1381 Diomedes,

209 1423 325 1458 equos
346 1410 481 1447 avertit
502 1410 658 1458 Ulysses
682 1408 946 1456 (465—503).
1001 1405 1152 1441 Heroes
1174 1417 1195 1440 a
1216 1404 1392 1440 Minerva
1413 1403 1545 1439 moniti
1567 1415 1612 1438 ne

211 1487 276 1523 spe
307 1476 413 1523 plura
443 1474 634 1522 praedandi
670 1473 809 1508 diutius
844 1476 1049 1511 morentur,
1083 1470 1171 1505 dum
1207 1467 1348 1516 Apollo
1381 1469 1546 1504 Thraces
1575 1474 1612 1503 et

209 1540 396 1588 Trojanos
417 1541 568 1575 excitat.
592 1538 680 1574 salvi
704 1538 749 1573 ad
771 1549 858 1572 suos
880 1541 1122 1572 revertuntur
1143 1535 1407 1581 (504—579).

881 1652 947 1688 XI.

268 1730 480 1766 Instructus
514 1729 717 1777 splendidis
749 1728 864 1764 armis
895 1730 1133 1775 Agamemno
1161 1739 1269 1762 mane
1300 1726 1426 1773 copias
1458 1738 1543 1761 suas
1575 1726 1611 1760 in

212 1795 330 1831 aciem
351 1795 489 1836 educit,
512 1794 623 1830 simul
646 1794 790 1829 Hector
811 1798 847 1829 et
863 1792 924 1828 alii
950 1791 1137 1840 principes
1156 1791 1405 1838 Trojanorum
1428 1790 1610 1837 (1—66).

213 1859 371 1895 Insolita
392 1860 531 1895 virtute
552 1857 863 1907 Agamemnonis,
886 1869 967 1904 quae
989 1862 1027 1892 et
1046 1855 1278 1903 incognitam
1299 1855 1446 1891 turbam
1467 1855 1612 1890 inflam-

213 1929 303 1965 mat,
324 1924 477 1972 Trojani
496 1927 794 1963 commoventur,
811 1933 951 1969 magna
965 1920 1070 1957 clade
1091 1925 1246 1969 accepta
1265 1920 1500 1967 (67—162).
1534 1919 1613 1955 He-

213 1994 295 2024 ctor
324 1989 403 2036 ipse
434 1989 482 2024 ad
512 1988 615 2024 urbis
647 1999 762 2034 nsque
794 1986 933 2021 moenia
961 1985 1132 2033 repulsus
1160 1985 1266 2021 Jovis
1293 1985 1401 2032 jussu
1432 1984 1613 2031 impetum

213 2052 372 2089 furentis
401 2053 604 2089 adversarii
635 2051 808 2093 declinat,
840 2051 960 2086 donec
989 2050 1050 2086 ille
1077 2050 1223 2086 saucius
1259 2049 1389 2099 proelio
1423 2049 1616 2097 egreditur

218 2118 486 2166 (163—283).
547 2117 634 2161 Quo
653 2117 753 2152 facto
775 2116 920 2151 Hector
939 2115 986 2150 ad
1015 2115 1261 2162 pugnandum
1290 2114 1386 2150 redit
1414 2120 1451 2150 et
1476 2126 1615 2149 novum

216 2183 389 2219 ardorem
423 2182 542 2230 injicit
573 2181 649 2216 suis
681 2179 943 2226 (284—309).
1000 2176 1133 2212 Aciem
1164 2177 1380 2212 inclinatam
1412 2176 1616 2212 restituunt

216 2247 433 2289 Diomedes,
457 2246 627 2294 Ulysses,
649 2244 771 2292 Ajax:
804 2243 869 2278 sed
890 2242 1093 2278 Diomedes
1114 2255 1134 2277 a
1154 2241 1286 2277 Paride
1305 2242 1522 2276 vulneratus
1542 2240 1616 2276 cito

218 2311 263 2347 ad
285 2323 400 2346 naves
419 2310 610 2346 revehitur
633 2307 882 2355 (310—400)
900 2321 907 2347 ;
940 2306 1030 2341 item
1048 2305 1205 2353 Ulysses
1225 2306 1441 2341 vulneratus
1461 2318 1483 2341 a
1503 2304 1615 2346 Soco,

217 2381 328 2423 atque
349 2388 393 2411 eo
414 2374 597 2410 transfixo
623 2385 645 2408 a
662 2370 835 2418 Trojanis
861 2370 1150 2410 circumventus5
1173 2382 1243 2417 ope
1269 2369 1435 2406 Menelai
1462 2375 1499 2405 et
1522 2368 1616 2417 Aja-

218 2441 270 2476 cis
291 2438 521 2475 dimicationi
546 2437 700 2485 eripitur
726 2433 998 2482 (401—488);
1031 2447 1119 2470 mox
1149 2434 1292 2470 Paridis
1322 2435 1470 2482 sagittis
1491 2434 1616 2470 vulne-

218 2511 347 2540 rantur
369 2503 532 2539 Machao
553 2510 591 2538 et
611 2500 824 2548 Eurypylus
847 2499 1114 2548 (489—596).
1167 2499 1419 2535 Machaonem
1441 2497 1617 2534 Nestoris

218 2581 328 2604 curru
348 2566 683 2615 praetervehentem
706 2563 943 2611 conspicatus
963 2563 1130 2598 Achilles
1151 2563 1365 2599 Patroclum
1386 2563 1500 2598 mittit
1521 2575 1614 2610 prae-

218 2633 338 2669 sentia
368 2632 607 2680 cogniturum
635 2627 897 2676 (597—617).
957 2627 995 2662 Is
1023 2627 1087 2663 ubi
1117 2627 1368 2663 Machaonem
1399 2626 1566 2674 agnovit,
1597 2639 1617 2661 a

218 2697 382 2732 Nestore
402 2694 648 2730 miserrimam
670 2692 860 2727 fortunam
889 2691 1009 2738 proelii
1033 2691 1212 2727 edocetur
1239 2698 1467 2739 rogaturque
1497 2697 1538 2725 ut
1559 2690 1614 2725 vel

218 2760 403 2796 Achillem
423 2760 469 2794 ad
490 2758 667 2794 auxilium
688 2756 841 2792 Achivis
868 2755 1063 2792 ferendum
1090 2755 1276 2802 imploret,
1299 2756 1356 2791 vel
1386 2755 1463 2802 ipse
1484 2753 1613 2789 Achil-

216 2824 259 2860 lis
282 2835 382 2860 arma
404 2822 555 2857 indutus
576 2821 702 2855 hostes
723 2825 861 2855 terreat
887 2817 1155 2863 <618-80-3).
1211 2819 1253 2853 In
1276 2818 1396 2853 reditu
1418 2816 1612 2852 Patroclus
