1835 3256
695 268 727 307 1¹
738 268 836 308 RAE
849 267 924 308 FA
933 268 967 308 'r
979 267 1057 321 ro.
1520 281 1572 307 xv

773 368 784 382 ε
1535 356 1548 378 ὄ

181 395 281 434 νεῶν
373 403 469 446 509.
484 391 812 443 μετακλινθέντος
913 403 1011 446 532.
1029 389 1160 445 λιγρῃ]
1178 391 1319 442 λυγρῆι
1420 388 1518 443 538.
1534 405 1575 428 τε

181 460 278 500 608.
302 476 353 514 τῳ
376 460 465 515 ’μῳ]
494 458 605 511 τῶμῶ
752 461 847 513 609.
872 457 962 514 ὀΐω]
986 459 1053 498 οἵω
1076 461 1120 498 et
1139 456 1239 499 alibi
1262 470 1373 510 saepe
1394 455 1464 496 ubi
1489 454 1578 495 Vil-

179 527 323 568 loison.
347 529 415 568 ὀϊω
537 539 630 579 720.
654 528 722 582 ὡς]
749 529 798 570 ὥς
924 537 1018 579 721.
1045 526 1114 579 ὡς]
1143 526 1194 568 ὣς
1312 525 1406 576 728.
1432 527 1579 564 Ποσει-

181 595 314 650 δαωνι]
347 595 589 636 ποσιδάωνι;
645 596 717 637 sed
751 594 802 645 N,
837 595 932 636 206.
963 592 1196 641 ποσειδάων,
1230 606 1313 632 non
1345 592 1457 647 quod
1481 591 1579 632 Vill.

179 662 321 717 posuit
362 663 574 705 ποσιδάων.
638 665 800 704 Rursus
836 662 1036 703 ποσιὸάων
1071 661 1203 702 codex
1239 675 1263 715 5
1268 671 1336 716 54.
1400 662 1447 707 Ξ,
1483 670 1579 715 357.

181 763 279 817 384.
302 776 399 818 390.
434 763 483 811 Ο,
508 763 546 804 8.
570 777 638 815 41.
665 767 708 804 et
729 763 787 803 sic
809 777 939 817 prope
960 766 1217 803 constanter.
1415 773 1510 815 733.
1536 738 1581 812 δῆ

182 864 281 904 ἄστυ
459 874 553 917 747.
578 841 776 915 ἐπόρουσα
953 863 1047 916 803.
1073 863 1302 916 κεκμηοτας]
1332 865 1552 913 κεκμηῶτας

242 969 298 1014 Μ,
321 978 387 1019 33.
423 965 474 1020 ῖῃ]
497 965 534 1016 ΐη
559 965 665 1018 (sine
688 964 859 1019 spiritu)
1181 977 1204 1017 3
1209 976 1248 1018 5.
1283 963 1430 1019 δεδῃει]
1455 963 1582 1014 δεδήει

185 1065 252 1105 61.
276 1041 489 1116 ἐπίκούραζιν
657 1077 723 1119 75.
751 1064 874 1119 ἐγωυ]
899 1066 976 1118 ἐγὼ
1144 1076 1234 1116 151.
1259 1064 1416 1117 κομπει]
1447 1064 1584 1114 κόμπει

190 1166 283 1205 160.
308 1141 466 1216 κόρυθὲς
679 1166 772 1205 161.
795 1141 1048 1216 Bahhdue'vg.
1253 1164 1347 1217 176.
1371 1139 1585 1216 ἀγορεῦσὲἷ

191 1243 283 1288 197.
307 1232 344 1272 οἳ
364 1234 624 1286 metam-q
663 1233 790 1273 Hunc
811 1247 976 1273 versum
1004 1231 1046 1272 in
1072 1246 1202 1286 marg.
1228 1231 1358 1273 habet
1378 1246 1404 1272 a
1425 1245 1478 1271 m.
1502 1245 1584 1272 see.

190 1312 284 1353 223.
309 1300 369 1348 ὡς,
392 1313 474 1340 non
497 1300 547 1342 ὣς
752 1300 845 1341 286.
871 1299 1034 1353 εἴλυται]
1058 1301 1206 1340 εἰλῦται
1400 1312 1424 1353 3
1427 1308 1497 1353 50.
1520 1297 1586 1348 ἅμ’

430 1399 445 1415 e!

521 1376 538 1391 a

189 1399 389 1454 ἑσπεσθω]
424 1398 485 1450 αμ’
529 1399 724 1449 ἑσπέσθω,
760 1415 841 1455 quo
881 1401 1017 1441 altera
1057 1400 1215 1454 scripta
1255 1399 1467 1441 indicatur
1507 1400 1586 1450 ἅμα

189 1500 351 1541 σπέσθω
553 1513 651 1555 377.
675 1479 856 1542 ἐναντίον
1069 1502 1166 1557 382.
1190 1502 1297 1555 χειρί
1314 1517 1361 1553 γε
1381 1503 1441 1552 τῆι
1463 1500 1588 1553 ἑτέρηι

190 1601 305 1654 φέροι
325 1599 368 1640 in
389 1603 524 1649 textu,
541 1602 693 1654 χείρεσ’
709 1602 948 1655 ἀμφοτέρηις
965 1602 1049 1656 ἔχοι
1065 1602 1107 1642 in
1124 1602 1324 1657 margine.
1448 1577 1587 1654 404..σῆ

191 1703 233 1744 δὲ
408 1710 508 1753 407.
531 1669 692 1743 ε’έλτδτετο

249 1784 301 1827 N,
324 1793 364 1831 4.
389 1779 469 1820 καθ’
494 1782 704 1835 ὁρωμενος]
733 1782 1000 1833 καθὸρώμενος
1170 1796 1231 1823 10.
1255 1782 1354 1823 ἆλαὸ
1375 1781 1542 1833 σκοπιὴν
1563 1797 1589 1822 a

192 1885 245 1911 m.
268 1884 347 1924 pr.‚
369 1870 670 1922 ἆλαοσσκοπιὴν
690 1885 716 1912 a
736 1885 789 1911 m.
813 1885 894 1912 sec.
1017 1885 1030 1912 1
1043 1882 1080 1925 7.
1100 1848 1345 1923 κατεβήσὲτο
1464 1870 1528 1912 28.
1546 1871 1589 1922 ὴ-

194 1947 381 2023 γνοίησέν
515 1983 584 2026 53.
606 1937 666 2024 δῖ’
796 1974 867 2026 58.
888 1949 1155 2025 τεεὲί-ἐγείρὲιι
1302 1973 1367 2025 78.
1391 1972 1502 2025 νέρθε
1521 1973 1590 2014 πό-

195 2040 347 2086 δεσσιν,
369 2038 442 2079 sed
464 2052 671 2093 supersor.
693 2038 805 2090 νέρθε
826 2040 869 2079 δὲ
890 2040 1038 2080 ποσσὶν
1189 2053 1279 2095 103.
1302 2042 1527 2092 πορδαλίων
1548 2040 1590 2080 in

194 2109 332 2155 textu,
356 2109 476 2158 παρδιιι
496 2105 538 2146 in
559 2120 691 2177 massg·
713 2121 740 2147 a
759 2121 813 2148 m.
836 2121 917 2148 reo.
1032 2121 1124 2162 154.
1145 2107 1321 2160 “ὥριστος
1341 2107 1407 2148 hio
1428 2111 1472 2148 et
1492 2107 1591 2149 alibi

200 2190 294 2233 157.
320 2180 412 2221 160.
434 2179 622 2229 πάντοσε,
644 2187 736 2231 ϊσην
755 2184 803 2221 ut
828 2179 946 2229 solet,
969 2179 1094 2234 idque
1121 2179 1300 2221 diastole
1328 2179 1590 2234 interposita,

196 2260 278 2287 non
311 2246 475 2287 πάντοσ’
513 2247 639 2299 ἐΐσην,
678 2248 790 2302 quod
831 2248 972 2303 posuit
1006 2247 1104 2289 Vill.
1146 2248 1389 2303 pariterque
1429 2263 1466 2288 v.
1494 2259 1591 2302 405.

201 2360 294 2402 194.
319 2323 524 2401 {gesva-av
670 2359 764 2402 223.
790 2347 1050 2398 πτολεμίζειν,
1073 2361 1156 2387 non
1178 2352 1402 2398 πολεμιζειν
1422 2350 1471 2387 ut
1493 2345 1592 2387 Vill.

200 2424 296 2468 279.
319 2414 499 2468 τρεπετε]
523 2413 702 2466 τρέπεται
895 2424 992 2468 447.
1016 2415 1310 2467 ἆντιπεφᾶσθαι
1329 2413 1396 2454 hic
1417 2418 1460 2454 et
1481 2413 1593 2455 alibi.

200 2493 298 2537 523.
321 2482 401 2522 ἀλλ
435 2499 482 2534 ογ
516 2481 584 2535 αρ]
612 2479 715 2521 ἀλλ”
739 2483 759 2521 ὁ
781 2484 856 2534 γὰρ
1144 2494 1241 2536 541.
1265 2481 1438 2536 Αἶνειας]
1462 2482 1596 2525 αἰνέας

201 2550 297 2604 564.
321 2547 600 2605 πυρικαυστος]
623 2550 852 2601 πυρίκαυτος
967 2562 1065 2604 594.
1089 2548 1133 2605 ἡ]
1157 2550 1195 2600 ῆι
1314 2549 1410 2590 608.
1435 2549 1595 2604 ἔσχεθε]

203 2637 400 2691 γραπτέον
421 2638 517 2691 ἔσχε
636 2641 732 2691 627.
756 2643 947 2692 φιλεεσθε
968 2640 1074 2694 παρ’]
1101 2639 1295 2691 φιλέεσθέ
1315 2616 1405 2691 πιειρ’
1429 2644 1465 2688 (ε
1486 2654 1513 2680 a
1532 2653 1596 2694 pr.

204 2740 351 2790 manu)
487 2739 582 2792 657.
605 2715 831 2781 τεθνεῖὲτος
967 2740 1062 2792 667.
1087 2742 1254 2793 φθῖσθαι
1392 2752 1488 2794 705.
1511 2716 1600 2780 ἂνὲ-

207 2806 327 2856 κηκίει
465 2815 560 2859 731.
586 2805 799 2860 ἄλλῳ-613
938 2817 1034 2861 749.
1059 2807 1267 2860 αὐτίκα-]
1294 2807 1389 2848 Hos
1411 2822 1447 2847 v.
1469 2806 1601 2848 habet

205 2871 248 2912 in
269 2886 403 2927 marg.
425 2887 451 2914 a
471 2887 524 2913 m.
549 2886 629 2914 see.
806 2874 900 2915 810.
924 2875 1000 2926 τιη]
1027 2874 1101 2926 τίὴ,
1123 2875 1408 2930 superscripto
1430 2875 1470 2915 τί
1487 2875 1532 2924 δὴ
