1835 3256
718 241 1100 282 PRAEF,=xT1‹.›.
1554 240 1606 281 vii

211 349 486 404 probabiliter
521 348 701 402 conjecit
738 347 1072 402 Sengebuschius
1110 347 1150 386 in
1188 346 1484 386 dissertatione
1520 346 1608 385 Ho-

211 416 365 458 merica
388 416 527 472 priore
547 431 588 471 p.
613 428 702 468 124.
765 415 845 467 Qui
876 414 1000 456 hodie
1032 417 1257 469 supersunt
1288 412 1491 453 librorum
1522 427 1608 453 om-

211 484 339 535 nium,
377 483 411 525 si
450 499 477 525 a
513 483 790 525 vetustiorum
829 482 1093 537 quorundam
1135 481 1322 522 codicum
1364 480 1610 535 fragmentis

213 552 466 603 discesseris,
488 556 532 593 et
558 551 875 606 antiquissimus
903 555 946 592 et
977 548 1352 605 p1·aestantissimus
1383 552 1449 588 est
1472 547 1610 588 Vene-

212 625 282 661 tus
305 620 550 661 Marcianus
571 634 594 670 4
600 632 667 674 54.
695 619 875 674 scriptus
907 618 948 658 in
979 616 1233 658 membranis
1265 615 1404 657 seculo
1435 615 1611 666 decimo,

213 693 379 729 textum
409 688 554 729 Iliadis
586 688 788 728 exhibens
822 702 915 728 cum
949 686 1077 742 signis
1110 685 1266 726 criticis
1299 684 1538 725 Aristarchi
1570 689 1613 725 et

213 756 396 811 amplam
417 756 668 797 scholiorum
681 761 870 797 veterum
892 754 1190 803 collectionem,
1209 767 1387 807 quorum
1409 767 1507 807 pars
1529 767 1612 793 non

213 823 364 880 exigua
390 824 432 864 in
461 824 538 865 hoc
572 839 655 865 uno
686 824 792 864 libro
818 828 985 865 servata
1014 828 1092 870 est,
1127 821 1404 877 compositam
1436 835 1486 861 cx
1516 820 1613 860 Ari-

215 892 365 934 stonici
393 892 500 933 libro
521 893 607 945 περὶ
628 893 800 943 σημείων
815 891 997 939 Ἰλιάδος,
1022 905 1104 945 quo
1128 889 1369 931 Aristarchi
1399 889 1612 943 signorum

214 960 456 1002 criticorum
488 959 738 1016 significatio
770 958 980 1014 explicata
1009 958 1103 1007 fuit,
1134 957 1355 998 Nicanoris
1385 956 1493 997 libro
1524 958 1613 1007 περὶ

217 1031 391 1080 στιγμῆς,
415 1027 650 1068 Herodiani
671 1025 1051 1081 προσῳδίᾳἸλιακῇ,
1074 1024 1243 1079 Didymi
1265 1024 1307 1064 in
1329 1028 1495 1065 text-um
1518 1023 1614 1063 Ari-

214 1095 373 1136 starchi
418 1094 743 1142 commentariis,
785 1093 959 1148 aliisque
999 1097 1190 1134 veterum
1238 1091 1613 1147 grammaticorum

216 1162 399 1217 scriptis.
456 1161 598 1217 Hujus
620 1160 775 1202 codicis
796 1165 962 1201 textum
985 1175 1079 1200 cum
1102 1160 1231 1215 signis
1252 1159 1409 1200 criticis
1432 1163 1475 1200 et
1497 1158 1615 1199 scho-

214 1230 279 1271 liis
300 1230 459 1285 primus
481 1230 614 1271 edidit
629 1229 885 1270 Villoisonus
900 1228 1093 1269 Venetiis
1114 1243 1151 1269 a.
1166 1230 1301 1279 1788„
1328 1227 1448 1283 signa
1468 1226 1615 1267 critica

214 1313 298 1339 non
320 1299 407 1339 sine
428 1298 571 1339 multis
587 1297 798 1338 erroribus
820 1302 863 1338 et
880 1296 1048 1344 scholia,
1067 1300 1115 1336 ut
1137 1310 1246 1336 nunc
1265 1300 1447 1343 constat,
1467 1309 1615 1349 parum

218 1366 452 1421 diligenter,
474 1366 596 1421 longe
623 1364 864 1406 accuratius
885 1367 1063 1411 textum,
1087 1377 1327 1417 quanquam
1350 1362 1391 1402 in
1414 1363 1493 1403 hoc
1515 1377 1615 1416 quo-

217 1449 296 1489 que
326 1434 537 1475 interdum
568 1434 622 1474 ab
654 1432 808 1473 codicis
839 1432 1050 1486 scriptura
1086 1431 1301 1473 aberravit
1337 1435 1616 1484 accentusque

216 1502 368 1551 omisit,
392 1517 474 1557 quo
496 1501 597 1542 nihil
625 1501 714 1542 fieri
742 1504 913 1556 poterat
943 1499 1191 1556 perversius,
1215 1513 1343 1554 quum
1365 1499 1416 1540 de
1437 1498 1616 1540 accenti-

217 1570 294 1610 bus
315 1569 517 1625 ponendis
545 1568 723 1625 plurima
744 1568 786 1608 in
808 1568 1130 1609 scholiastarum
1161 1566 1508 1608 annotationibus
1530 1565 1613 1606 dis-

218 1643 433 1693 putentur.
496 1639 629 1678 Porro
655 1652 784 1692 quum
814 1636 1111 1678 annotationes
1143 1635 1277 1676 nullas
1308 1635 1499 1685 adderet,
1525 1648 1615 1674 cor-

217 1706 424 1747 rectiones
451 1720 594 1746 omnes
622 1704 760 1746 textui
791 1703 1097 1759 superscriptas
1128 1701 1325 1757 neglexit,
1350 1701 1502 1756 quibus
1533 1715 1616 1741 non

218 1788 313 1814 raro
346 1773 506 1814 librarii
541 1787 705 1814 errores
730 1772 794 1813 vel
824 1773 879 1813 ab
911 1771 1001 1826 ipso
1028 1771 1091 1812 vel
1121 1772 1175 1812 ab
1207 1770 1289 1811 alio
1320 1770 1612 1811 emendantur.

218 1840 373 1896 Itaque
395 1856 478 1882 non
504 1841 653 1882 inutile
673 1841 754 1882 erit
776 1840 934 1881 codicis
955 1840 1008 1881 ab
1032 1840 1076 1881 O.
1096 1839 1147 1880 G.
1163 1839 1325 1880 Cobeto
1353 1837 1506 1879 eximia
1527 1837 1617 1878 dili-

216 1909 361 1962 gentia
377 1910 513 1950 denuo
531 1908 672 1950 collati
689 1908 942 1963 scripturam
959 1907 1197 1948 accuratius
1214 1906 1470 1961 cognovisse,
1490 1920 1617 1960 quam

218 1977 278 2018 ita
309 1991 541 2032 proponam
572 1982 620 2018 ut
651 1976 884 2017 dissensum
910 1979 1078 2016 tantum
1110 1975 1163 2015 ab
1187 1973 1408 2015 Villoisoni
1433 1973 1617 2014 editione

218 2049 373 2093 notem,
396 2050 594 2086 accentus
622 2059 704 2085 non
733 2058 959 2085 memorem
987 2043 1065 2083 nisi
1087 2042 1158 2083 ubi
1180 2057 1263 2083 non
1285 2047 1435 2097 sponte
1465 2042 1616 2083 intelli-

217 2118 344 2168 gatur
365 2113 509 2167 quales
538 2127 628 2153 esse
655 2112 853 2161 debeant,
875 2112 926 2152 de
947 2112 1071 2152 rebus
1102 2116 1244 2151 autem
1273 2110 1424 2151 ceteris
1445 2125 1538 2164 quae
1563 2111 1618 2151 ad

218 2180 564 2235 orthographiam
585 2179 800 2235 pertinent
821 2185 989 2220 tantum
1012 2193 1061 2219 ex
1078 2178 1241 2233 aliquot
1261 2177 1499 2233 rhapsodiis
1520 2177 1618 2218 affe-

219 2263 310 2289 ram
327 2253 532 2303 quantum
549 2247 730 2289 sufficiat
746 2247 915 2295 codicis,
926 2246 996 2301 qui
1014 2246 1056 2286 111
1074 2246 1153 2287 1100
1169 2260 1322 2302 genere
1343 2260 1454 2300 saepe
1467 2260 1616 2300 parum

219 2315 296 2356 sibi
318 2321 498 2364 constat,
521 2315 865 2356 consuetudinem
886 2328 1136 2370 cognoscere
1158 2313 1438 2369 cupientibus,
1461 2328 1553 2368 quae
1576 2313 1617 2353 in

218 2383 426 2439 plerisque
451 2398 544 2424 cum
567 2388 754 2425 veterum
776 2383 1063 2425 technicorum
1092 2383 1315 2438 praeceptis
1338 2383 1548 2430 convenit,
1570 2389 1618 2422 ut

220 2451 351 2492 codex
381 2451 693 2492 Laurentianus
723 2451 935 2505 Apollonii
966 2451 1135 2499 Rhodii,
1165 2451 1283 2505 cujus
1312 2450 1364 2490 de
1396 2450 1617 2504 orthogra-

220 2519 320 2574 phia
339 2519 653 2560 accuratissime
674 2519 781 2560 dixit
805 2518 1050 2559 Merkelius.

281 2592 327 2626 A.
353 2588 388 2627 8.
412 2590 480 2637 ξυν
502 2589 589 2637 ἑηκε
609 2585 887 2642 Villoisonus]
910 2585 1073 2637 ξυυὲηκε
1106 2585 1252 2633 codex,
1286 2584 1435 2640 spiritu
1464 2585 1506 2625 in
1536 2599 1620 2625 me-

222 2653 291 2694 dio
313 2654 512 2694 vocabulo
540 2653 679 2708 posito
710 2653 776 2694 hic
802 2658 851 2694 ut
875 2653 973 2695 alibi
1007 2668 1088 2694 non
1120 2667 1230 2700 raro,
1254 2668 1336 2707 quo
1360 2653 1619 2693 Villoisonus

223 2722 422 2776 deceptus
444 2721 526 2762 duo
547 2722 790 2776 plerumque
806 2721 1008 2762 vocabula
1028 2736 1080 2762 ex
1102 2735 1184 2761 uno
1206 2721 1316 2762 fecit.
1363 2721 1514 2762 Rarior
1535 2721 1618 2776 spi-

222 2789 328 2830 ritus
365 2789 479 2837 lenis,
514 2789 627 2830 velut
663 2791 868 2843 ἐσέρχεται
902 2794 940 2837 P,
966 2800 1054 2843 157.
1084 2789 1155 2829 ubi
1183 2789 1340 2829 Villois.
1375 2791 1413 2831 ἐς
1450 2791 1617 2842 ἔρχεται.

223 2872 260 2910 9.
285 2859 304 2896 ὁ
327 2859 402 2910 γὰρ
425 2858 554 2898 codex
577 2857 667 2897 hic:
702 2858 775 2898 sed
800 2871 859 2898 12.
884 2857 904 2897 ’ὸ
927 2860 1002 2910 γὰρ
1023 2863 1065 2897 et
1087 2857 1144 2897 sic
1173 2857 1272 2898 alibi
1299 2872 1379 2897 non
1408 2873 1503 2898 raro
1524 2872 1618 2897 cum
