1835 3256
264 213 359 252 xviii
779 213 1160 253 1’11.·1«’.1«’λ’1’1υ.

265 319 474 369 --ἑστήκει
508 319 545 358 in
582 323 714 360 textu.
749 319 769 368 ι’)
802 319 833 358 δ’
856 320 976 359 ἐκύειἶ
1011 319 1190 369 7εἱστήκει
1223 319 1261 358 in
1295 333 1426 375 marg.
1450 335 1475 360 a
1504 334 1555 360 111.
1580 334 1660 360 roc.

260 390 356 440 363.
381 388 519 438 (ἶριψτο
543 386 652 435 (sie),
676 401 758 426 non
781 386 927 438 ὤρνυτο
1064 391 1161 439 376.
1187 404 1228 427 το
1250 385 1314 441 δε]
1337 389 1423 428 τόδε
1562 402 1658 443 391.

294 464 308 478 ν
489 465 494 478 Ι

260 489 302 527 ἐκ
326 491 498 540 κορυφῆς
524 487 564 540 (ἱ.
589 502 621 527 0.
647 488 689 527 ἐν
713 490 902 539 κορυφῇς)
1073 501 1170 539 401.
1193 489 1375 542 ἡνιοχῆα]
1400 489 1586 542 ἡνιοχῆας
1607 503 1662 529 m.

1362 566 1383 581 ω
1440 571 1441 574 ,

260 602 339 627 Γυο.
363 587 403 627 in
427 603 559 643 marg.
708 601 806 639 402.
830 565 1040 628 τεθνέιῶτα
1186 600 1285 642 415.
1304 588 1461 640 θέοιμεν

315 660 362 697 T.
377 669 446 709 30.
472 656 705 707 ὑπερμόροι·,
723 654 792 710 qui
815 658 1014 695 accentus
1036 653 1194 695 indicat
1215 657 1311 707 ὑπὲρ
1331 657 1453 708 μόρον
1595 667 1660 711 37.

847 732 862 747 0
1207 733 1216 747 ι

259 757 410 810 Apama]
434 758 568 807 ἀραιαί
639 768 708 809 54.
727 756 959 807 ὀτρύναντες
1030 757 1097 795 60.
1119 756 1253 798 πόλεις
1326 758 1391 811 85.
1410 757 1654 811 πολεμιζειν]

257 824 512 874 πτολεμίξειν
656 824 746 877 138.
780 824 946 876 ἄρχωισι
972 823 1080 875 (oum
1102 822 1190 863 iota
1211 822 1443 877 adscripto)
1571 825 1661 876 178.

258 892 274 905 ss
865 890 881 903 (1

259 916 439 955 ἐπελθὼν
609 926 700 953 201.
735 914 973 963 δειδίξεσθαι
1142 923 1234 967 215.
1269 890 1329 953 αῦρ
1345 913 1369 953 i.
1393 928 1427 953 0.
1463 915 1509 954 αὖ
1541 918 1584 954 01:
1615 912 1662 966 ἂρ

474 981 498 1005 δ;

262 1016 354 1055 228.
377 1017 440 1055 ὅτε
462 991 537 1065 μέν
713 1025 807 1067 247.
834 1014 1074 1065 ἑκατόζυγος,
1098 1013 1170 1053 sed
1192 1027 1322 1068 marg.
1345 1028 1371 1055 a
1391 1028 1446 1055 m.
1468 1028 1551 1055 rec.
1577 1016 1663 1054 ἑκα-

258 1084 440 1135 τόνζυγος
615 1094 709 1135 255.
734 1081 882 1128 πολλά,
905 1081 953 1121 τά
974 1098 1030 1127 τε,
1053 1081 1124 1121 sed
1147 1095 1293 1136 margo
1314 1097 1340 1122 a
1361 1097 1415 1121 m.
1438 1096 1521 1122 roe.
1544 1081 1662 1122 πόλλ’

258 1151 348 1192 ἐτεά
502 1150 598 1203 287.
631 1150 779 1203 οἳοι-]
818 1148 1002 1189 Versum
1028 1164 1054 1190 a
1084 1163 1139 1189 m.
1171 1163 1253 1189 ree.
1283 1149 1415 1190 habet
1447 1149 1489 1190 in
1526 1164 1662 1205 marg.

263 1252 353 1305 308.
378 1251 440 1292 καὶ
461 1224 611 1291 ττῐαίδων
631 1223 782 1298 τιταῖδες,
805 1248 876 1289 ubi
906 1248 1068 1289 lineolae
1090 1248 1279 1289 indicant
1302 1249 1664 1303 transponendum

258 1333 348 1360 esse
371 1319 433 1359 καὶ
454 1323 591 1361 παῖδες
612 1319 776 1366 παίδων,
801 1323 849 1358 ut
871 1321 936 1358 est
958 1317 999 1357 in
1022 1317 1218 1358 lemmate
1241 1316 1399 1357 scholii.
1566 1331 1590 1373 3
1605 1331 1664 1371 17.

258 1386 445 1461 ἓαιομένη
468 1385 606 1449 gamm
773 1420 870 1461 335.
898 1406 1152 1458 συμβλήσεαι
1182 1407 1224 1446 in
1256 1411 1392 1455 textu,
1416 1405 1666 1458 ξυμβλήσεαι

258 1500 404 1541 margo
426 1501 452 1526 a
472 1500 526 1525 nl.
550 1499 632 1525 rec.
676 1483 907 1538 [Soloecum
928 1488 994 1524 est
1017 1484 1282 1535 συμβλήσεαι,
1306 1485 1417 1538 quod
1441 1485 1666 1536 συμβλήεαι

258 1554 384 1596 scribi
416 1554 613 1600 debebat,
638 1558 685 1593 ut
707 1551 891 1593 correxit
928 1551 975 1592 L.
998 1551 1243 1592 Dindorfius
1273 1552 1316 1592 in
1349 1552 1564 1593 Thesauro
1585 1553 1664 1595 vol.

260 1635 298 1663 2.
331 1638 371 1677 p.
395 1623 484 1679 90.]
662 1634 763 1676 342.
798 1621 937 1671 ἔξιδεν,
969 1621 1042 1661 sed
1078 1634 1133 1660 m.
1169 1634 1252 1661 reo.
1286 1620 1328 1660 in
1369 1635 1503 1676 marg.
1539 1620 1667 1671 ἐξίδεν

257 1693 355 1745 346.
401 1695 469 1731 τῶι
510 1689 540 1730 δ’
583 1689 747 1742 ἐφέηκα,
795 1689 868 1729 sed
915 1703 971 1730 m.
1015 1703 1096 1729 reo.
1139 1688 1181 1728 in
1233 1703 1367 1744 marg.
1409 1692 1476 1729 τῶι
1517 1688 1667 1741 ἐφέηκα

1213 1766 1234 1782 0·

258 1803 355 1846 355.
379 1769 461 1833 t'ivss’
596 1794 694 1847 363.
718 1766 829 1841 ἕλθὲι
962 1789 1015 1844 38
1026 1803 1058 1830 2.
1082 1794 1237 1842 πρῶτον
1366 1801 1464 1841 447.
1487 1788 1577 1830 ἀλλ’
1600 1790 1666 1831 ὅτε

260 1860 382 1913 ὃὴ-]
420 1859 533 1899 Huic
562 1858 699 1899 versui
730 1857 951 1913 praefixum
983 1857 1148 1912 signum
1181 1863 1212 1903 O
1237 1858 1308 1911 (ab
1332 1857 1567 1898 Villoisono
1588 1871 1665 1912 pro

260 1931 399 1978 διπλῆς
420 1927 539 1983 signo
560 1929 816 1982 acceptum),
836 1926 902 1966 eui
924 1925 1034 1966 idem
1065 1926 1295 1981 responde‘o
1318 1926 1361 1966 in
1382 1925 1570 1981 margine
1591 1940 1664 1981 po-

259 1995 388 2036 situm
410 2010 504 2036 cum
525 1996 605 2036 hae
628 1993 875 2036 recentioris
897 2008 1047 2034 manus
1069 1993 1357 2043 annotatione,
1376 2008 1501 2048 quam
1518 1993 1665 2034 Villoi-

259 2078 386 2104 sonus
415 2064 471 2105 ad
503 2079 539 2104 v.
565 2076 662 2118 451.
694 2062 876 2109 rettulit,
909 2063 951 2102 ἐν
986 2062 1127 2104 ἄλλοις
1159 2064 1179 2102 ὁ
1204 2063 1342 2115 στίχος
1372 2062 1484 2104 οὗτος
1515 2062 1559 2101 οὗ
1591 2065 1664 2103 κεῖ-

260 2148 335 2171 ται.
505 2143 604 2185 450.
649 2131 844 2182 ἐρύσσατο
883 2133 927 2169 et
961 2128 1004 2168 in
1042 2143 1174 2184 marg.
1212 2144 1238 2170 a
1270 2143 1325 2170 m.
1364 2143 1445 2169 reo.
1484 2129 1663 2181 ἐρύσατο.

259 2232 358 2278 468.
380 2231 551 2284 χειρεσι]
579 2231 764 2284 χείρεσσι
881 2242 978 2281 471.
1004 2205 1226 2280 ἐνέπλησεν
1342 2229 1440 2282 487.
1459 2229 1660 2282 ἆρηῖθοον]

262 2297 446 2350 ἀρηΐθεον

319 2369 370 2413 Φ,
394 2380 434 2415 4.
463 2365 576 2416 ἣιπερ
598 2365 732 2418 ἀχαιοὶ
753 2365 795 2404 in
817 2369 953 2412 textu,
977 2364 1050 2405 sed
1071 2363 1113 2404 in
1136 2378 1269 2419 marg.
1291 2364 1346 2404 ab
1368 2364 1515 2405 eadem
1536 2378 1662 2404 manu

261 2450 325 2484 γρ.
353 2432 393 2485 (i.
416 2447 451 2473 e.
475 2432 688 2485 γραπτέον)
710 2432 823 2484 ἧιπερ
846 2433 882 2472 οἱ
903 2434 1022 2472 ἄλλοι
1172 2443 1239 2486 25.
1264 2435 1401 2480 ὃινοῖο,
1424 2431 1496 2472 sed
1518 2434 1662 2472 δεινοῖο

261 2499 303 2539 in
324 2514 459 2555 marg.
481 2515 507 2541 a
527 2515 582 2540 m.
606 2515 687 2540 ree.
827 2510 894 2552 74.
916 2500 1035 2548 αἰδέο,
1061 2499 1133 2539 sed
1155 2513 1209 2539 m.
1232 2513 1314 2539 rec.
1338 2498 1379 2539 in
1401 2513 1532 2553 marg.
1557 2499 1662 2540 αἴδεο

899 2577 914 2592 1¹

269 2613 359 2653 133.
383 2601 447 2655 ὡς]
471 2603 521 2642 ὧς
668 2614 758 2655 150.
783 2602 912 2643 ἀντίος
1055 2613 1146 2653 155.
1169 2601 1345 2646 παιόνας,
1368 2603 1416 2640 ut
1438 2598 1555 2648 solet,
1578 2612 1662 2639 non

265 2669 426 2710 παίονας
545 2669 648 2721 ἔχων
669 2669 711 2708 in
734 2673 869 2715 textu,
893 2669 1000 2720 ἄγων
1021 2681 1152 2722 marg.
1175 2680 1257 2707 rec.
1465 2667 1556 2707 160.
1578 2667 1660 2718 γεί-

265 2737 404 2774 νεσθαι
425 2734 465 2774 in
489 2740 623 2783 textu,
647 2738 855 2787 γείνασθαι
876 2749 1008 2789 marg.
1029 2749 1109 2774 rec.
1235 2734 1327 2774 180.
1351 2732 1438 2787 μιν]
1461 2737 1537 2785 ψιν
1560 2731 1659 2786 (sic)

497 2823 534 2838 ων

853 2824 867 2838 τ
1173 2823 1184 2836 ε

271 2847 361 2885 152.
384 2847 553 2896 ὀρούσας
699 2858 786 2901 195.
810 2847 897 2887 οὐδε
1046 2858 1138 2899 234.
1164 2844 1328 2894 ἀπαΐξας
1473 2855 1567 2895 247.
1591 2859 1660 2883 πε-
