1835 3256
249 223 321 258 xliv
778 227 821 261 A.
854 226 891 261 1³.
919 226 1123 262 WOLFl

248 328 399 376 ancipiti
422 328 570 364 fortunii
594 328 627 363 in
650 328 796 364 ‹livcrsu
822 330 1078 367 contendunt:
1112 331 1161 366 illi
1185 337 1223 367 nt
1247 331 1405 367 Patrocli
1432 345 1566 380 corpus
1587 332 1650 368 ‹le-

249 392 416 433 sendunt.
440 393 475 428 lii
501 400 538 429 ut
567 393 612 428 ad
639 393 838 429 ludibrium
872 395 1021 431 trallunt
1042 397 1304 444 (Mn—425).
1364 395 1520 433 Achillis
1547 397 1652 445 cquis-i

249 471 374 493 casum
396 458 552 493 l'atrocli
575 457 788 494 dolentibus
806 458 973 505 vigorem
997 460 1118 495 reddit
1137 460 1322 507 Juppitcr,
1340 473 1477 508 cosque
1500 461 1535 497 in
1557 474 1651 510 proe-

249 523 336 558 lium
356 523 499 559 reducit
519 523 759 558 Automedon
779 523 880 559 socio
897 531 1090 571 assumpto
1108 524 1370 561 Alcimedonte
1389 527 1651 574 (426—483).

249 588 383 623 Statim
415 587 634 623 adoriuntur
661 600 810 624 currum
836 587 995 629 Hector,
1018 589 1174 631 Asticus,
1196 590 1269 630 alii,
1294 596 1332 625 ut
1362 590 1506 626 nobiles
1536 603 1652 639 equos

249 653 417 700 cupiunt:
451 659 486 688 nt
518 652 698 699 impetum
730 665 859 689 corum
892 652 1038 689 fortiter
1065 653 1250 690 sustinent
1279 653 1429 696 Achivi,
1451 655 1510 702 qui
1539 655 1651 691 etiam

248 717 407 753 cadaver
436 723 689 765 propugnant,
718 731 831 765 quum
864 718 1080 755 Menelaum
1113 719 1219 755 novis
1247 719 1386 755 viribus
1416 719 1545 767 implet
1575 719 1650 755 Mi-

249 795 375 823 nerva,
414 783 618 818 Hectorem
653 783 827 819 hortatur
858 783 1007 831 Apollo,
1038 792 1226 820 annuente
1257 785 1352 820 Jove
1385 784 1650 833 (484—596).

247 846 414 883 Tandem
446 847 598 883 inclinat
620 846 769 883 Achiva
798 848 907 891 acies,
936 848 1013 896 ipse
1043 849 1155 885 etiam
1177 847 1279 897 Ajax
1302 848 1546 885 Telamonius
1576 856 1649 886 tre-

248 912 372 960 pidat:
406 913 511 961 cujus
528 912 634 960 jussu
658 912 856 949 Menelaus
872 912 1120 949 Antilochum
1144 914 1229 949 cmsi
1251 914 1410 950 Patrocli
1432 919 1468 950 et
1489 919 1651 962 acceptae

248 977 363 1012 cladis
394 977 566 1012 nuntium
591 977 638 1013 ad
660 976 847 1013 Achillem
881 978 994 1013 mittit
1016 980 1290 1025 (¹597—701);
1323 978 1496 1026 idemque
1517 978 1650 1015 Mene-

249 1042 329 1077 laus
359 1054 443 1077 cum
476 1041 649 1077 Merione
679 1042 838 1077 cadaver
867 1042 912 1077 ad
943 1055 1057 1078 naves
1087 1042 1283 1090 deportare
1315 1043 1439 1085 audet,
1472 1043 1651 1079 comitatu

248 1106 365 1142 fretus
388 1106 563 1154 Ajacum,
587 1106 807 1154 ingruentes
829 1106 956 1142 hostes
978 1107 1184 1143 arcentium
1209 1107 1472 1154 (702—761).

872 1244 1019 1280 XVIII.

303 1329 468 1375 Accepto
499 1327 631 1363 nuntio
659 1328 704 1364 de
734 1340 825 1364 nece
847 1328 1008 1364 Patrocli
1029 1328 1191 1365 Achilles
1220 1329 1386 1377 planctui
1412 1334 1449 1364 et
1478 1328 1652 1364 lamentis

249 1392 419 1440 indulget
441 1394 620 1439 (1—34).
681 1393 755 1429 His
781 1393 957 1429 lamentis
982 1407 1027 1429 ex
1056 1394 1147 1430 mari
1176 1394 1300 1431 excita
1319 1394 1452 1430 'l'hetis
1478 1406 1562 1429 cum
1590 1406 1651 1430 co-

249 1457 358 1494 horte
379 1458 588 1494 Nerei'dum
611 1458 656 1493 ad
678 1458 794 1493 filium
820 1459 1089 1495 consolandum
1112 1460 1236 1501 venit;
1269 1472 1378 1507 quem
1399 1472 1511 1507 quum
1542 1459 1652 1495 ulcis-

249 1523 356 1559 cendi
379 1523 556 1558 Hectoris
586 1523 868 1570 cupidissimum
891 1523 1005 1565 videt,
1029 1524 1198 1572 quamvis
1225 1525 1261 1560 id
1288 1524 1412 1560 statim
1444 1524 1513 1572 ipsi
1539 1523 1651 1559 fatale

249 1588 416 1624 futurum
438 1588 497 1629 sit,
519 1587 731 1635 cupidinem
753 1589 833 1636 ejus
856 1588 892 1623 in
913 1594 1105 1635 posterum
1127 1589 1225 1625 diem
1247 1588 1383 1631 differt,
1406 1601 1479 1636 quo
1500 1588 1533 1624 ei
1554 1600 1653 1623 nova

249 1667 269 1688 a
292 1652 466 1689 Vulcano
495 1652 712 1688 fabricanda
741 1665 844 1688 arma
874 1653 1099 1700 perlaturam
1132 1666 1170 1690 se
1200 1653 1387 1701 promittit
1414 1653 1651 1700 (35—137).

251 1718 480 1754 Nereidibus
512 1718 666 1754 domum
698 1718 864 1754 remissis
893 1718 1026 1754 Thetis
1055 1719 1101 1754 ad
1132 1718 1336 1767 Olympum
1368 1718 1532 1758 festinat,
1563 1717 1652 1752 dum

250 1783 421 1831 proelium
448 1788 651 1818 renovatur
671 1795 782 1830 super
804 1782 967 1818 Patrocli
987 1795 1166 1831 corpore;
1199 1796 1271 1831 quo
1292 1783 1443 1819 tandem
1466 1782 1653 1830 potiturus

250 1854 329 1883 erat
352 1847 506 1890 Hector,
528 1847 599 1882 nisi
621 1846 790 1883 Achilles
812 1847 957 1883 monitu
977 1846 1142 1883 Junonis
1162 1860 1207 1883 ex
1228 1848 1328 1883 fossa
1350 1847 1537 1895 Trojanos
1557 1848 1653 1882 truci

249 1912 429 1960 adspectu
449 1924 615 1959 voceque
636 1912 842 1953 terruisset,
864 1917 901 1947 et
920 1911 1108 1948 funestam
1129 1912 1175 1948 ad
1197 1913 1334 1948 moenia
1353 1912 1481 1960 fugam
1503 1910 1653 1948 fecisset

252 1980 286 2023 (1
297 1978 428 2025 38—2
434 1989 476 2025 31
494 1985 520 2022 ).
569 1977 724 2013 Interim
744 1976 882 2013 Achivi
897 1989 1033 2025 corpus
1049 1983 1219 2025 ereptum
1233 1977 1475 2014 tabernaculo
1492 1976 1652 2012 Achillis

248 2042 413 2078 inferunt
430 2043 595 2078 instante
611 2048 722 2078 nocte
737 2044 801 2088 (23
811 2043 1000 2089 2—242).
1034 2042 1330 2078 Tumultuariam
1349 2041 1567 2078 concionem
1583 2040 1650 2077 ha-

249 2108 340 2143 bent
359 2107 526 2155 Trojani,
551 2107 684 2155 quibus
711 2107 936 2154 Polydamas
965 2107 1098 2143 suadet
1127 2112 1168 2142 ut
1198 2107 1357 2142 salutem
1386 2107 1484 2142 intra
1513 2105 1652 2142 moenia

249 2178 431 2219 quaerant,
456 2184 529 2207 neu
557 2184 596 2207 se
622 2170 760 2206 Achilli
786 2171 824 2206 in
854 2171 932 2206 acie
963 2171 1142 2218 objiciant
1171 2170 1434 2211 trucidandos3
1467 2170 1533 2205 sed
1562 2182 1649 2217 pru-

249 2236 342 2271 dens
363 2235 560 2271 consilium
581 2235 753 2283 displicet
770 2234 931 2270 Hectori
949 2240 987 2270 et
1006 2235 1147 2282 populo
1165 2235 1431 2281 (248—314).
1488 2234 1649 2270 Noctem

248 2301 285 2335 in
318 2301 430 2336 armis
461 2300 685 2348 pervigilant
714 2299 891 2347 Trojani:
930 2299 1061 2335 Achivi
1093 2305 1283 2346 praeeunte
1313 2298 1459 2334 Achille
1489 2298 1650 2334 Patrocli

248 2378 376 2401 casum
404 2365 556 2406 deflent,
584 2364 743 2400 cadaver
769 2369 902 2400 curant
928 2364 1099 2411 lectoque
1129 2368 1361 2410 componunt
1383 2364 1647 2411 (315—355).

249 2430 313 2466 Ad
344 2429 562 2476 Olympum,
595 2428 656 2463 ubi
687 2428 860 2476 Juppiter
896 2428 1007 2463 modo
1042 2428 1242 2475 conjugem
1278 2427 1514 2474 objurgabat,
1550 2428 1648 2474 quod

248 2494 438 2530 Achillem
469 2493 707 2535 concitasset,
739 2493 868 2528 eadem
902 2498 1013 2528 nocte
1044 2491 1214 2539 pervenit
1237 2491 1367 2527 Thetis
1394 2491 1504 2539 inque
1535 2491 1648 2528 domo

248 2559 408 2595 Vulcani
432 2559 550 2594 amice
575 2557 759 2605 excipitur
784 2557 1060 2605 (356—427);
1092 2557 1154 2604 qui
1180 2556 1212 2592 ei
1242 2555 1348 2592 facile
1379 2562 1555 2592 exoratus
1585 2556 1648 2592 cli-

247 2637 356 2671 peum
378 2623 515 2659 eximia
534 2629 613 2659 arte
629 2628 667 2658 et
686 2622 828 2669 reliqua
847 2634 951 2658 arma
970 2621 1173 2657 fabricatur
1195 2621 1455 2668 (428—617).

891 2752 1000 2788 XIX.

301 2829 396 2865 Orta
425 2829 505 2864 luce
525 2828 654 2864 Thetis
679 2829 815 2864 Achilli
846 2840 949 2864 arma
970 2828 1153 2863 Vulcania
1183 2827 1302 2866 affert,
1331 2838 1489 2873 eumque
1519 2837 1645 2860 rursus

246 2894 291 2929 ad
312 2893 396 2928 belli
419 2892 635 2928 societatem
657 2892 837 2939 impellit;
870 2892 1030 2928 Patrocli
1047 2897 1171 2927 nutem
1189 2902 1324 2937 corpus
1341 2889 1474 2925 divinis
1495 2889 1643 2936 perfun-
