1835 3256
217 211 355 247 mxx-iii
734 213 769 248 F.
787 213 831 249 Α.
863 213 907 249 W
926 214 961 246 ()
982 213 1011 249 L
1033 212 1061 248 F
1083 213 1093 248 l

215 323 248 351 ct
272 317 440 352 Minerva
456 318 518 363 (71
539 320 709 365 1—777)
727 332 733 353 ;
767 331 809 353 uc
831 331 920 353 voce
936 317 1097 353 ,lunonis
1119 317 1242 353 denuo
1264 316 1473 353 incenditur
1490 316 1610 357 turbu.

213 381 401 416 Minerva·
424 386 546 417 nutem
571 381 714 417 monitu
737 388 771 417 et
795 383 908 418 (luctu
932 382 1137 419 Diomedes
1158 383 1278 430 ipsum
1298 382 1462 418 Martem
1483 381 1612 417 vulne-

212 453 267 482 rnt
290 447 554 494 (ΠΗ-863),
577 446 636 493 qui
659 459 702 482 cx
727 459 859 494 eampo
883 453 1035 494 repente
1062 447 1108 483 ud
1129 447 1334 495 Olympum
1358 447 1465 490 redit,
1488 447 1611 495 ibique

211 517 374 549 suuntur.
398 510 639 558 sequentibus
661 511 773 547 etium
796 511 937 547 deabus
959 511 1222 559 (864—909).
1250 536 1255 542 ·

878 626 907 660 V
915 626 942 661 l.

261 705 509 753 Trojanorum
539 707 616 743 acic
640 708 676 743 in
707 708 832 758 fugam
854 708 1057 744 inclinante
1081 707 1253 743 Helenus
1275 713 1378 743 vates
1400 706 1607 743 Hectorem

209 771 382 806 hortatur
408 777 447 807 ut
474 772 661 819 publicam
684 773 985 809 obsecrationem
1007 773 1191 810 Minervae
1218 773 1254 808 in
1286 785 1369 809 arce
1396 772 1607 809 habendam

208 835 345 871 indicat
376 838 587 882 (1—101).
646 837 752 886 Ergo
780 837 821 880 is,
853 837 1025 873 celeriter
1054 837 1229 873 restituto
1253 837 1397 884 proelio,
1420 836 1543 885 pergit
1571 836 1608 872 in

207 900 360 936 urbem:
395 900 431 937 in
464 915 508 937 eo
538 902 669 949 proelio
702 902 904 938 Diomedes
934 909 970 938 et
995 902 1172 943 Glaucus,
1204 902 1279 938 dux
1315 902 1529 950 Lyciorum,
1560 901 1608 938 ad

207 972 397 1002 certamen
428 967 630 1014 progressi,
652 967 865 1015 priusquam
894 980 1027 1003 manus
1054 972 1308 1009 consererent,
1335 972 1490 1014 paterna
1510 966 1608 1002 inter

205 1042 244 1065 se
274 1030 436 1080 hospitia
463 1031 660 1072 recordati,
682 1031 781 1067 sacta
810 1044 999 1067 armorum
1031 1032 1318 1079 permutatione,
1341 1032 1491 1067 dextras
1516 1032 1604 1079 jun-

203 1100 299 1142 gunt
329 1096 594 1141 (ιον-236).
654 1096 811 1132 Hecuba
841 1103 877 1132 et
905 1102 1037 1132 eeterae
1064 1102 1258 1138 matronae,
1291 1097 1336 1132 de
1363 1096 1540 1132 Hectoris
1568 1102 1606 1132 et

203 1172 400 1207 procerum
423 1160 676 1208 Trojanorum
704 1161 870 1202 consilio,
901 1161 1052 1209 peplum
1083 1161 1118 1197 in
1146 1161 1264 1197 mdem
1296 1161 1481 1197 Minervae
1512 1161 1606 1197 infe-

203 1231 303 1267 runt,
326 1233 486 1273 votaque
506 1239 573 1273 pro
595 1227 713 1262 salute
739 1226 867 1274 patriae
890 1231 1108 1273 nuncupant
1131 1227 1330 1273 (237-—31
1346 1228 1393 1272 Ι).
1449 1225 1604 1261 Interim

204 1289 353 1326 Hector
379 1291 481 1326 domi
511 1291 744 1327 desidentem
777 1291 948 1327 Paridem
979 1291 1216 1339 objurgando
1243 1291 1280 1326 in
1311 1291 1428 1326 aciem
1459 1290 1605 1326 reducit

205 1354 479 1403 (312—368):
511 1368 667 1392 uxorem
691 1356 994 1396 Andromachen,
1017 1356 1053 1391 in
1082 1356 1222 1392 aedibus
1252 1356 1327 1391 suis
1347 1356 1485 1391 frustra
1505 1368 1604 1403 quae-

201 1419 324 1462 sitam,
345 1421 496 1456 tandem
530 1421 620 1457 urbe
650 1421 848 1469 egrediens
878 1421 925 1457 ad
955 1426 1102 1469 portam
1123 1421 1265 1457 Scaeam
1287 1433 1362 1457 una
1382 1434 1465 1457 cum
1487 1433 1604 1468 puero

201 1484 430 1532 Astyanacte
451 1485 599 1521 obviam
626 1485 740 1522 habet
770 1492 881 1534 atque
913 1486 1085 1521 ultimum
1109 1485 1311 1534 alloquitur
1332 1484 1602 1535 (369—502).

199 1547 295 1583 Mox
316 1547 470 1585 fratrem
491 1549 528 1585 in
551 1550 609 1585 via
630 1556 796 1586 armatus
817 1549 1059 1598 consequitur
1079 1550 1183 1586 Paris
1206 1555 1380 1598 (503—5
1391 1549 1472 1598 29).

855 1663 943 1700 VII.

252 1742 430 1784 Achivos,
463 1744 578 1791 aequis
609 1744 731 1780 adhuc
758 1757 822 1780 seu
856 1745 1045 1793 prosperis
1079 1746 1193 1781 armis
1226 1751 1426 1788 certantes,
1462 1751 1601 1794 urgent

198 1806 345 1842 Hector
364 1813 402 1843 et
422 1807 525 1843 Paris
546 1808 582 1843 in
604 1809 776 1857 proelium
801 1810 941 1846 reversi
964 1810 1155 1856 (1-16):
1189 1811 1288 1858 quod
1308 1817 1349 1846 ut
1369 1811 1522 1846 tandem
1543 1811 1600 1847 di-

197 1871 368 1913 rimatur,
391 1872 436 1908 de
458 1872 642 1909 Minervae
663 1879 700 1910 et
721 1874 906 1922 Apollinis
935 1875 1104 1918 consilio,
1128 1874 1341 1923 Helenique
1371 1888 1494 1917 suasu,
1521 1875 1600 1911 for-

196 1935 363 1971 tissimus
394 1937 550 1984 quisque
580 1938 626 1974 ab
649 1938 815 1975 Hectore
844 1940 891 1975 ad
920 1953 1086 1989 pugnam
1117 1940 1345 1988 singularem
1375 1946 1600 1988 provocatur

198 2002 408 2049 (17—91).
467 2001 700 2046 Menelaum,
722 2004 784 2051 qui
805 2017 845 2041 se
865 2005 1027 2041 alacrem
1052 2005 1231 2049 ostendit,
1252 2005 1386 2041 ceteris
1417 2010 1595 2041 cunctan-

196 2065 309 2107 tibus,
333 2065 498 2102 deterret
516 2067 757 2116 Agamemno
780 2070 1026 2117 (92—122);
1058 2082 1160 2112 mox,
1182 2083 1204 2106 a
1223 2070 1388 2106 Nestore
1414 2069 1597 2118 instigati,

198 2136 359 2177 surgunt
387 2131 434 2166 ad
455 2131 708 2168 dimicandum
738 2146 874 2169 novem
903 2134 1052 2176 heroes,
1074 2147 1118 2170 ex
1140 2135 1272 2182 quibus
1300 2135 1411 2171 sortis
1441 2140 1598 2171 eventus

196 2193 372 2242 designat
385 2194 543 2243 Ajacem
557 2196 817 2233 Telamonium
834 2199 1099 2247 (123—205).
1129 2198 1436 2246 Congrediuntur
1452 2200 1598 2236 Hector

195 2263 233 2293 et
252 2258 361 2305 AjaX‚
384 2259 593 2308 acriterque
623 2261 854 2309 depugnant,
882 2263 1001 2299 donec
1030 2263 1099 2299 sub
1118 2269 1282 2305 noctem,
1304 2264 1444 2299 viribus
1473 2276 1594 2311 pareS,

195 2322 292 2358 datis
312 2323 472 2359 invicem
494 2325 724 2366 muneribus,
747 2327 945 2363 discedunt
963 2327 1226 2375 (206—312).
1275 2328 1320 2364 In
1341 2328 1457 2376 epulis
1473 2328 1594 2376 publi-

195 2386 247 2422 cis
268 2386 412 2423 Nestor
429 2394 557 2425 censet
573 2402 731 2437 corpora
750 2404 931 2428 caesorum
949 2393 1164 2441 sepelienda
1179 2399 1216 2429 et
1230 2399 1353 2429 castra
1369 2394 1569 2429 munienda
1585 2409 1592 2430 :

194 2451 232 2486 in
262 2451 510 2499 Trojanorum
541 2455 721 2491 concione
751 2457 945 2499 Antenori,
975 2458 1077 2505 pacis
1101 2464 1138 2494 et
1170 2459 1324 2494 Helenae
1352 2471 1436 2494 eum
1462 2458 1594 2506 opibus

195 2515 436 2553 restituendae
457 2519 611 2561 auctori,
632 2521 836 2567 respondet
856 2522 970 2564 Paris,
991 2523 1083 2558 nihil
1103 2535 1143 2559 se
1163 2530 1299 2571 praeter
1320 2536 1422 2573 opes,
1445 2523 1511 2560 sed
1531 2535 1594 2559 eas

193 2580 352 2627 propriis
368 2582 538 2630 adjectis,
560 2584 792 2621 redditurum
813 2588 1079 2634 (313—364).
1112 2588 1210 2624 Illud
1231 2602 1452 2636 responsum
1473 2588 1593 2624 altero

193 2644 254 2680 die
284 2646 452 2683 Priamus
482 2648 528 2683 ad
558 2649 720 2685 Achivos
751 2651 919 2698 perferri,
942 2657 1064 2700 atque,
1098 2659 1139 2689 ut
1164 2653 1416 2701 Trojanorum
1445 2664 1591 2701 quoque

193 2720 350 2756 corpora
380 2719 603 2754 crementur,
631 2713 797 2750 inducias
827 2715 912 2751 iniri
935 2717 1044 2764 jubet
1067 2718 1329 2765 (365—420).
1391 2719 1480 2753 Post
1509 2717 1590 2753 haec

192 2773 422 2820 sepulturam
437 2784 569 2813 curant
590 2779 736 2826 utrique
758 2793 922 2822 suorum,
946 2781 1055 2817 simul
1075 2782 1210 2818 Achivi
1231 2783 1376 2819 navalia
1396 2795 1462 2818 sua
1481 2794 1589 2817 muro

191 2836 365 2885 fossaque
385 2839 566 2887 cingunt3
599 2855 680 2889 quac
701 2856 817 2891 opera
840 2845 1044 2892 Neptunus
1070 2846 1168 2882 inter
1197 2847 1288 2882 deos
1317 2859 1392 2882 non
1423 2846 1502 2882 sine
1531 2846 1586 2881 in-
