1835 3256
572 582 630 634 F.
656 583 723 634 A.
769 581 1091 634 WOLFI

474 746 1194 825 SUMMARIA.

821 1037 850 1072 Ι.

141 1123 339 1158 RooA'ruu
371 1122 417 1158 ab
448 1122 555 1158 initio
590 1122 704 1159 Musa
739 1130 778 1159 ut
808 1129 960 1160 cantum
992 1123 1182 1171 praecipiat
1213 1123 1258 1159 de
1289 1122 1456 1158 cladibus
1488 1120 1535 1157 ad

141 1187 252 1224 Ilium
283 1186 443 1223 Achillis
482 1187 574 1223 iram
613 1187 853 1236 consequutis
889 1189 1044 1236 (1—7.)
1104 1188 1218 1224 Venit
1249 1188 1286 1223 in
1317 1186 1535 1223 concionem

141 1250 377 1288 Achivorum
398 1251 576 1299 Chryses,
597 1252 772 1288 sacerdos
790 1251 992 1300 Apollinis,
1013 1252 1128 1288 filiam
1149 1265 1254 1288 suam
1274 1252 1536 1299 redempturus

139 1316 238 1352 bello
266 1327 388 1364 nuper
416 1321 562 1364 captam
593 1322 630 1352 et
651 1316 804 1353 honoris
833 1329 965 1353 caussa
988 1317 1115 1352 datam
1135 1316 1419 1365 Agamemnoni
1440 1317 1537 1361 (8—

142 1382 225 1429 21).
283 1380 353 1416 Illo
373 1393 458 1417 cum
487 1380 695 1429 ignominia
719 1381 869 1429 repulso
888 1381 1076 1417 funestam
1102 1381 1200 1418 luem
1224 1380 1364 1429 Apollo
1385 1393 1450 1428 per
1470 1393 1534 1416 ex-

140 1443 298 1481 ercitum
319 1444 464 1493 spargit
482 1445 690 1492 (22—52).
735 1444 865 1481 Habet
885 1445 1105 1482 concionem
1127 1445 1296 1482 Achilles
1317 1445 1365 1481 ob
1385 1445 1535 1493 placan-

141 1509 231 1546 dum
252 1509 375 1551 deum,
397 1509 434 1545 in
456 1521 528 1557 qua
549 1508 710 1545 Calchas
730 1515 835 1546 vates
851 1509 1063 1547 calamitate
1089 1522 1154 1546 eos
1179 1510 1344 1546 levatum
1364 1509 1407 1546 iri
1426 1509 1536 1546 redu-

141 1574 261 1611 cenda
280 1573 489 1623 Chryseide
509 1580 650 1616 censet,
672 1580 824 1611 auctore
843 1574 1026 1623 imprimis
1046 1575 1191 1612 Achille
1213 1576 1449 1624 (53—129).
1480 1574 1540 1611 Ita

141 1639 308 1676 irritatus
327 1639 567 1688 Agamemno
590 1639 732 1676 atrocia
755 1639 882 1688 jurgia
902 1640 1019 1676 nectit
1038 1653 1124 1676 cum
1143 1640 1304 1683 Achille,
1326 1646 1363 1677 et
1383 1640 1539 1688 Chrysae

142 1703 292 1751 quidem
317 1703 432 1739 filiam
461 1703 618 1740 reddere
646 1716 724 1739 non
753 1709 913 1746 recusat,
939 1705 1005 1741 sed
1033 1705 1098 1749 illi,
1120 1705 1220 1753 quod
1248 1705 1443 1753 praemium
1462 1704 1537 1739 vir-

142 1768 233 1804 tutis
252 1768 444 1810 retulerat,
466 1768 676 1805 Briseidem
696 1768 818 1817 eripit,
840 1770 1010 1817 quamvis
1039 1769 1232 1806 obnitente
1256 1769 1422 1806 Nestore
1446 1769 1540 1816 (130
1607 1778 1614 1784 ’

142 1844 272 1880 —311
297 1838 334 1870 et
355 1833 601 1882 318—347).
660 1833 748 1870 Hac
777 1834 951 1871 incensus
981 1835 1116 1883 injuria
1135 1835 1265 1871 statuit
1286 1847 1370 1871 acer
1390 1834 1539 1881 juvenis

143 1910 183 1935 se
202 1911 288 1935 cum
309 1897 616 1947 Myrmidonibus
636 1911 657 1935 a
675 1898 764 1935 belli
784 1899 964 1936 societate
985 1900 1184 1948 sejungere
1201 1914 1208 1935 :
1240 1899 1340 1947 quod
1369 1898 1541 1946 proposi-

143 1969 224 1999 tum
249 1975 271 1999 a
289 1968 409 1999 matre
436 1963 517 2011 ejus
536 1962 696 1999 Thetide
721 1964 979 2007 confirmatur,
1001 1977 1082 2012 quae
1112 1971 1150 2000 et
1176 1963 1400 2012 supplicanti
1429 1963 1538 1999 ultio-

142 2040 229 2064 nem
258 2027 446 2076 promittit
472 2026 734 2074 (348—427).
793 2026 943 2063 Interea
972 2028 1119 2075 publice
1147 2029 1329 2064 lustratur
1352 2028 1540 2064 exercitus

143 2098 181 2129 et
201 2105 307 2128 sacra
326 2092 422 2128 fiunt
441 2090 606 2140 Apollini
629 2092 878 2140 (312—317)
897 2107 904 2128 :
937 2098 1015 2128 tum
1038 2093 1219 2141 Chryse'is
1245 2093 1399 2129 domum
1426 2092 1537 2128 redu-

143 2157 240 2194 citur
258 2169 332 2193 una
351 2169 434 2192 cum
466 2155 598 2191 hostiis
626 2156 886 2203 piacularibus,
908 2157 1042 2205 quibus
1066 2158 1240 2194 mactatis
1270 2158 1390 2194 scelus
1412 2158 1537 2206 expia-

143 2228 204 2258 tur
226 2221 490 2268 (428—487).
535 2220 687 2257 Thetidi
702 2222 782 2269 jam
803 2221 1008 2270 Olympum
1030 2223 1181 2259 adeunti
1201 2223 1375 2271 Juppiter
1395 2223 1540 2259 occulte

144 2287 286 2328 annuit,
308 2286 468 2322 victores
490 2285 524 2321 in
547 2286 685 2334 proeliis
705 2286 785 2322 fore
804 2286 1002 2335 Trojanos,
1025 2287 1145 2324 donec
1166 2288 1301 2324 Achilli
1324 2288 1370 2324 ab
1386 2288 1540 2324 Achivis

145 2351 377 2388 satisfactum
397 2350 509 2386 fuerit
529 2350 791 2398 (488—533).
830 2351 1033 2396 Junonem,
1054 2352 1227 2388 infestam
1242 2352 1427 2400 Troianis,
1445 2365 1538 2400 pun-

145 2423 242 2465 gunt
261 2415 342 2452 haec
361 2415 593 2452 clandestina
613 2415 789 2458 consilia;
820 2416 908 2452 inde
936 2416 1080 2453 rixatur
1107 2429 1191 2453 cum
1211 2417 1306 2453 Jove
1335 2430 1446 2465 super
1465 2429 1538 2453 coe-

145 2493 230 2517 nam
267 2480 530 2529 (534—567).
592 2480 646 2516 Ea
670 2493 710 2516 re
740 2481 984 2517 contristatur
1004 2482 1125 2518 omnis
1152 2494 1351 2518 consessus
1371 2482 1539 2523 deorum,

145 2557 239 2594 quos
258 2545 410 2581 tandem
432 2544 480 2581 ad
498 2544 725 2581 hilaritatem
746 2552 897 2583 revocat
917 2546 1109 2583 Vulcanus
1131 2546 1394 2594 (568—611).

816 2658 868 2695 ΙΙ.

146 2797 262 2834 mittit
291 2798 338 2834 ad
364 2798 704 2846 Agamemnonem,
732 2811 813 2846 quae
841 2811 925 2834 eum
953 2798 1001 2834 ad
1029 2799 1341 2835 committendum
1370 2799 1540 2849 proelium

146 2874 211 2910 spe
232 2862 396 2899 victoriae
426 2863 556 2900 incitet
578 2866 758 2909 (1—40).
817 2862 896 2900 Sub
916 2864 1036 2900 lucem
1060 2865 1294 2912 Agamemno
1316 2877 1393 2900 rem
1416 2870 1454 2900 et
1473 2865 1540 2900 im-

815 2941 834 2964 c
859 2939 875 2963 2
