1835 3256
696 239 1071 280 PRAEFATIO.
1547 241 1589 282 ix

194 342 224 383 τ’
243 345 351 384 ἄλλα
523 346 622 398 496.
651 343 889 399 ἆνεὸύσατο]
921 321 1139 386 ἀνεδυσατο
1311 358 1410 400 513.
1440 346 1506 400 ὡς]
1541 346 1591 389 ὣς

193 423 291 466 515.
315 413 400 453 ἐπει
431 412 538 467 δεος]
567 412 666 462 ἔπει,
690 412 776 456 δέος
949 414 1047 467 516.
1072 429 1170 464 μετα
1191 413 1331 468 πᾶσιν]
1368 417 1591 464 μεταπᾶσιν

193 491 291 534 529.
315 480 610 534 ἐπεῤῥωσαντο]
638 481 926 532 ἐπερρώσαντο,
952 484 998 522 et
1025 480 1083 521 sic
1111 479 1267 535 ubique
1294 498 1354 533 pp,
1376 485 1425 522 ut
1455 480 1592 522 solent

195 546 359 588 codices
381 552 555 596 veteres,
577 561 783 602 nusquam
802 550 860 601 ῤῥ.
1023 559 1120 604 557.
1142 547 1230 601 παρ’
1250 549 1376 604 ἕζετο]
1403 549 1590 600 παρὲζετο

193 626 290 668 572.
320 615 478 670 ἐπιηρα]
517 616 682 667 ἐπίηιρα,
711 616 786 656 sed
806 616 903 670 578.
927 616 1066 668 ἐπίηρα
1238 629 1337 669 579.
1359 616 1467 670 ἥμιν]
1500 617 1592 666 ἥμῖν

192 683 290 738 581.
313 684 334 723 ὁ
354 683 448 737 γαρ]
477 682 497 723 ὃ
519 685 594 736 γὰρ
720 684 818 738 583.
840 684 950 739 ἥμιν]
978 684 1069 735 ἥμιν
1187 684 1284 739 584.
1307 685 1357 726 ὡς
1378 683 1446 739 ἀρ]
1472 684 1522 726 ὡς
1543 683 1590 735 ἂρ

190 751 290 805 585.
311 751 542 805 προσέειπε]
567 751 804 803 προσέειπεν
933 754 1030 792 602.
1053 750 1130 792 οὐδ’
1149 752 1223 805 ἐτι]
1247 751 1374 792 οὐδέτι
1492 753 1590 791 611.

194 818 364 873 καθευὸ’]
394 818 561 860 καθεῦδ’.

249 974 292 1011 Β.
315 984 354 1024 4.
378 971 539 1026 τιμησῃ]
563 947 721 1022 τιμήσηει
885 984 947 1011 11.
972 971 1038 1012 28.
1061 982 1129 1025 51.
1153 971 1220 1025 65.
1244 969 1584 1024 καρηκομοωντας]

190 1038 286 1090 κάρη
308 1040 542 1089 κομόωντας.
588 1039 646 1080 Et
668 1039 726 1079 sic
748 1038 900 1093 ubique
922 1038 1098 1079 divisim.
1257 1052 1270 1078 1
1284 1051 1318 1079 2,
1344 1038 1428 1078 ἕλοι
1450 1037 1588 1092 πολιν]

190 1108 274 1147 ἕλοι
295 1109 441 1148 σπόλιν
575 1122 633 1161 19.
657 1124 744 1160 περι
765 1107 816 1161 δ’]
842 1110 964 1159 περιδ’
981 1110 1029 1147 ut
1049 1108 1181 1158 περιὸὲ
1205 1119 1273 1160 43.
1321 1106 1379 1146 Et
1401 1105 1459 1146 sic
1480 1119 1591 1160 saepe

190 1175 232 1215 in
255 1175 469 1216 similibus.
625 1187 691 1228 27.
716 1176 782 1226 64.
807 1177 846 1218 ὁς
868 1176 959 1230 σευ]
988 1175 1029 1217 ὃς
1051 1178 1121 1215 σεῦ
1276 1175 1338 1214 28.
1365 1177 1531 1225 θωρηξαι
1553 1175 1591 1212 σ’

190 1243 365 1298 ἐκελευε]
389 1245 558 1294 θωρῆξαί
579 1261 627 1284 σε
645 1243 794 1292 κέλευε,
810 1258 904 1284 am.
922 1257 1002 1283 sec.
1017 1243 1059 1282 in
1080 1244 1252 1293 θωρῆξαί
1270 1241 1305 1281 σ’
1324 1240 1479 1282 ἐκέλευε
1500 1255 1589 1281 mu-

189 1316 341 1352 tatum.
491 1323 559 1366 32.
579 1313 646 1366 69.
671 1311 880 1366 ἐφῆἡπται]
901 1311 1073 1364 ἐφῆπται
1217 1323 1286 1363 53.
1311 1309 1382 1363 ἷζε]
1411 1310 1464 1357 ἵζε
1491 1312 1590 1359 (non

188 1381 262 1432 ἷζε)
413 1390 477 1432 71.
502 1380 665 1434 ἀνηκεν]
695 1379 838 1430 ἇνῆκεν
997 1392 1062 1433 73.
1085 1378 1127 1432 ἡ]
1156 1377 1179 1427 ἢ
1333 1379 1398 1430 76.
1422 1375 1500 1417 κατ’
1517 1377 1584 1430 ἀρ]

190 1481 309 1533 κατᾶρ
427 1493 495 1535 93.
511 1479 684 1534 εἰλαδον]
701 1457 860 1520 εἶ’λαδὸν
982 1492 997 1518 1
1011 1492 1075 1533 13.
1099 1476 1348 1531 ἐκπερσαντ’]
1363 1476 1592 1528 ἐκπέρσαντ’

195 1559 285 1604 115.
309 1549 501 1603 δυσκλεα]
531 1548 704 1589 δυσκλέᾶ
736 1552 785 1588 ut
816 1561 926 1602 saepe
957 1547 1171 1588 vocalibus
1199 1545 1455 1600 ancipitibus
1474 1570 1508 1574 —
1528 1545 1591 1585 vel

189 1638 220 1657 υ
241 1618 570 1673 superscriptum
593 1631 798 1657 mensurae
820 1616 1054 1657 indicandae
1077 1629 1237 1656 caussa.
1388 1627 1480 1668 150.
1505 1613 1584 1668 ἐπ’]

190 1684 255 1728 ἐπ’
410 1699 501 1739 154.
524 1687 611 1726 οἰκα
633 1688 675 1726 δε
698 1684 881 1738 ἱεμένων]
910 1687 1042 1725 οἴκαδε
1061 1686 1228 1734 ἰἐμένων
1379 1684 1472 1736 156.
1495 1699 1593 1734 προς

187 1756 326 1807 μυθον]
352 1757 581 1806 προσμῦθον
704 1753 795 1807 158.
819 1754 927 1793 οἷκον
944 1752 1005 1806 δε]
1029 1752 1178 1792 offam-6}
1316 1751 1408 1805 198.
1433 1751 1594 1802 ἐφευροι

189 1824 350 1875 ἐφεῦροι
488 1822 582 1863 208.
605 1822 697 1876 ἀπο]
721 1822 797 1862 ἄπο
932 1833 1026 1875 229.
1049 1820 1073 1870 ἠ
1096 1821 1167 1874 ἐτι]
1191 1819 1275 1870 ἠέτι
1406 1831 1501 1872 235.
1523 1819 1593 1858 οὐκ

190 1889 264 1946 ἐτ’]
284 1889 402 1931 οὐκέτ’
523 1890 616 1945 238.
634 1890 658 1940 ἠ
673 1889 740 1943 ῥα]
763 1889 837 1941 ἦρά
946 1898 1041 1942 253.
1058 1888 1080 1938 ἠ
1099 1888 1153 1935 εὐ,
1169 1888 1234 1941 ἠε]
1257 1885 1279 1937 ἢ
1298 1887 1340 1927 εὗ
1357 1885 1402 1937 ἦε
1494 1896 1590 1939 257.

189 1960 298 2014 τοδε]
326 1959 368 2000 τὸ
390 1960 432 2000 δὲ
583 1959 680 2011 265.
705 1958 754 2000 ὡς
775 1957 843 2011 ἀρ]
871 1958 979 2008 ὡσᾰρ
1144 1958 1239 2009 276.
1264 1954 1424 2009 ἀνησει]
1449 1955 1591 2004 ἀνῆσει

192 2029 287 2082 283.
313 2026 556 2082 ἐϋφρονέων]
582 2026 622 2066 ἔῦ
646 2024 825 2078 φρονέων
845 2025 913 2065 hic
942 2029 986 2065 et
1016 2023 1116 2064 alibi
1148 2022 1315 2078 passim.
1492 2034 1590 2076 300.

390 2105 402 2119 ε

189 2130 213 2181 ἠ
236 2129 366 2183 ἔτεον]
393 2105 415 2179 ἦ
437 2128 547 2168 ἐτεὸν
663 2139 760 2182 303.
778 2125 933 2180 πρωϊζ’]
957 2123 1108 2176 πρωϊζ“
1132 2138 1214 2179 quo
1231 2127 1370 2164 rectus
1391 2126 1592 2163 accentus

190 2200 332 2251 πρωϊζὰ
350 2196 574 2243 indicatur,
590 2209 674 2235 non
691 2194 824 2247 πρώῖζ’
840 2200 887 2235 ut
903 2194 1012 2235 male
1025 2193 1150 2248 vulgo
1167 2192 1377 2233 scribitur.
1492 2193 1589 2245 306.

192 2265 369 2320 ἕρδομεν]
395 2265 568 2316 έρδομεν,
600 2263 688 2304 sine
718 2262 868 2318 spiritu
899 2266 948 2303 ut
979 2276 1101 2316 saepe,
1135 2259 1371 2316 praesertim
1402 2259 1444 2299 in
1469 2273 1590 2299 voca-

191 2333 300 2376 bulis
321 2347 414 2388 quae
436 2332 608 2373 dubium
629 2331 853 2372 videbatur
877 2335 1020 2371 utrum
1045 2329 1128 2370 leni
1148 2343 1202 2369 an
1223 2341 1373 2383 aspero
1399 2326 1592 2368 notanda

192 2440 344 2476 essent.
462 2447 560 2488 309.
582 2450 651 2473 τον
671 2431 730 2487 ῥ’]
753 2434 821 2473 τόν
841 2398 880 2484 ξ’
999 2437 1107 2483 φοως
1128 2431 1186 2484 δε]
1213 2427 1375 2481 φόωσὸέ
1491 2428 1588 2481 316.

192 2503 400 2558 πτερυγος]
426 2500 628 2554 πτερύγος,
650 2501 730 2542 hoc
751 2504 928 2542 accentu
950 2514 1046 2541 cum
1070 2496 1331 2539 Aristarcho.
1492 2507 1589 2549 324.

192 2605 283 2656 ἥμιν
303 2603 398 2658 μην]
425 2604 517 2654 ἡμῖν
537 2579 614 2654 μῆν
774 2611 873 2656 325.
897 2601 984 2654 ὁου]
1011 2601 1079 2640 ὁόὑ
1241 2611 1338 2653 339.
1361 2596 1472 2650 ἡμιν]
1499 2596 1591 2646 ἥμιν

191 2684 289 2726 342.
313 2671 454 2725 αὕτως]
484 2669 608 2713 αύτως
628 2670 716 2710 Sine
738 2669 904 2724 spiritu.
1081 2668 1177 2722 346.
1201 2663 1362 2720 τουσὸε]
1386 2667 1526 2704 τοῦσδε
1547 2668 1592 2703 et

193 2738 252 2779 sic
272 2738 442 2794 passim,
464 2736 532 2789 ἧδε
554 2752 718 2792 quoque
740 2742 783 2778 et
805 2738 885 2777 οἶδε
907 2749 983 2791 pro
1004 2736 1072 2786 ἥδε
1096 2740 1140 2775 et
1162 2735 1253 2774 οἵδε.
1384 2745 1407 2787 3
1413 2742 1482 2786 53.
1507 2732 1589 2771 ἐπι-

193 2804 300 2860 δεξῖ]
324 2805 481 2856 ἕπιδεξὶῇ
641 2808 738 2858 363·
761 2802 999 2858 φρητρῃφιν]
1022 2802 1220 2855 φρήτρηφι
1245 2800 1335 2853 (sic)
1493 2798 1591 2853 368.
