1835 3256
241 210 335 250 xxvi
753 204 1124 246 1'1t11010A'1'10.

241 317 282 356 iu
314 315 479 356 casibus
511 326 686 368 quorum
720 310 829 351 ratio
861 311 1005 351 cadom
1038 315 1102 350 cst
1124 309 1401 363 reperiuntur,
1428 308 1541 349 volut
1565 307 1636 348 da,-

241 383 337 424 tivis
362 383 489 435 Αἰόλῳ
510 381 617 434 Ἰλίῳ
641 380 772 433 Ἰφίτῳ
805 379 926 431 ἀγρίῳ
958 378 1125 431 ἀνεψιῷ,
1152 381 1228 417 aut
1252 375 1446 431 genitivis
1477 373 1637 415 muneri

242 448 414 505 pluralis
446 449 592 500 ἀγρίων
625 448 804 498 ἀνεψιῶν
832 449 875 485 ct
900 444 993 485 aliis
1021 443 1248 497 quibusvis.
1316 443 1379 483 Ex
1412 458 1494 497 quo
1526 446 1640 484 recto

241 516 452 571 colligitur
473 527 734 555 communem
763 512 863 553 locis
895 511 973 552 illis
1001 511 1194 551 omuibus
1227 511 1325 551 olim
1348 511 1474 551 fuisse
1500 511 1640 552 tormi-

242 583 458 625 natioucm
481 583 521 622 iu
543 584 586 622 (ib
607 581 803 629 solutam,
830 581 991 627 Λίόλοο,
1016 580 1178 632 Ἰφίτοο,
1203 580 1372 629 ἀνεψιόο
1392 584 1437 619 et
1458 578 1640 632 reliquis,

243 667 351 707 quae
382 652 526 691 fornum
558 664 685 704 quum
717 649 878 704 pridem
916 662 970 688 ex
1005 647 1218 688 codicibus
1249 646 1527 695 evanuissent,
1559 661 1643 687 non

244 719 481 760 mirandum
504 722 568 758 est
591 716 795 768 Quintum
827 715 1086 770 Smyrnaeum
1119 714 1342 755 Homerico
1372 714 1443 754 illo
1474 715 1644 766 ἀνεψιοῦ

244 787 478 834 inductum,
502 785 620 839 cujus
652 784 812 840 syllaba
844 783 1077 838 penultima,
1108 782 1281 837 produci
1303 782 1530 830 videretur,
1555 783 1640 822 ἀνε-

245 859 357 907 ψιοῖο
380 854 540 909 syllaba
560 852 896 907 antepenultima
917 851 1126 906 producta
1147 850 1303 891 dixisse
1324 863 1362 905 3,
1390 861 1484 905 295.

420 956 636 1008 ἀχνύμενος
658 953 750 1005 κέαρ
773 953 889 993 ἔνδον
911 953 1096 1004 ἀνεψιοῖο
1119 951 1317 1003 δαμέντος,

248 1056 360 1111 quod
377 1055 419 1095 in
436 1054 580 1095 codice
595 1053 909 1095 Vindobonensi
929 1054 1135 1104 ἀνεψειοῖο
1153 1051 1357 1106 scriptum
1374 1056 1451 1093 est.
1503 1052 1648 1092 Minus

248 1128 367 1164 certa
397 1123 486 1163 haec
518 1121 761 1162 terminatio
793 1120 929 1162 tribus
960 1119 1055 1161 aliis
1086 1119 1127 1159 in
1159 1119 1353 1174 genitivis
1373 1134 1462 1160 esse
1486 1119 1650 1160 videtur

249 1206 355 1245 quos
388 1191 623 1232 Ahrensius
656 1190 737 1231 huc
769 1189 950 1238 rettulit,
988 1190 1219 1240 ἀδελφειοῦ,
1255 1189 1381 1228 ἀλαοῦ
1411 1192 1455 1229 et
1486 1187 1648 1240 ὁμοιΐου,

250 1274 429 1314 quorum
460 1259 620 1314 primus
653 1263 806 1313 quater
835 1258 990 1313 legitur
1021 1257 1133 1312 apud
1168 1257 1404 1297 Homerum
1437 1256 1479 1296 in
1511 1255 1648 1297 verbis

251 1329 467 1380 ἀδελφειοῦ
499 1327 701 1378 κταμένοιο
734 1326 782 1367 Il.
804 1336 845 1381 5,
871 1340 950 1375 αι,
983 1327 1196 1377 ἀδελφειοῦ
1227 1324 1374 1376 φρένας
1393 1325 1495 1376 ἥρως
1518 1326 1557 1371 6,
1581 1325 1648 1365 61.

255 1405 292 1446 7,
311 1408 404 1436 120.
434 1408 495 1449 13,
513 1396 622 1447 788„
649 1395 855 1435 secundus
881 1394 1044 1434 duobus
1075 1393 1115 1433 in
1142 1393 1330 1433 versibus
1359 1391 1560 1446 Odysseae
1589 1404 1652 1440 10,

251 1475 352 1517 493.
377 1466 420 1502 et
449 1475 510 1509 12,
536 1464 629 1516 267.

426 1558 584 1609 μάντιος
606 1559 745 1605 ἀλαοῦ,
769 1561 881 1598 τοῦτε
902 1556 1042 1610 φρένες
1063 1558 1226 1609 ἔμπεδοί
1245 1559 1359 1598 εἰσιν.

427 1625 587 1676 μάντιος
608 1626 747 1674 ἀλαοῦ,
770 1626 954 1675 Θηβαίου
975 1626 1200 1677 Τειρεσίαο.

256 1720 408 1761 tertius
430 1719 610 1775 denique
630 1719 672 1760 in
693 1719 831 1760 verbis
853 1719 1003 1770 ὁμοιΐου
1025 1719 1226 1770 πολέμοιο,
1251 1718 1402 1773 quibus
1424 1732 1497 1759 sex
1513 1732 1655 1758 versus

259 1788 404 1830 Iliadis
458 1788 624 1843 duoque
678 1788 877 1842 Odysseae
928 1787 1223 1829 terminantur.
1305 1787 1467 1827 Verum
1521 1787 1657 1827 forma

257 1857 480 1909 ἀδελφειός,
510 1871 593 1911 qua.
626 1855 720 1896 aliis
751 1855 880 1897 etiam
911 1855 954 1896 in
985 1855 1153 1897 casibus
1186 1854 1435 1909 Apollonius
1467 1853 1657 1894 Rhodius

257 1923 410 1978 aliique
431 1928 567 1978 poetae
587 1922 842 1963 recentiores
862 1922 926 1962 usi
952 1928 1063 1970 sunt,
1088 1922 1190 1962 nihil
1221 1936 1378 1963 caussae
1408 1926 1473 1962 est
1500 1936 1574 1962 cur
1602 1922 1657 1962 ab

260 1991 450 2032 Homero
485 1990 623 2032 aliena
657 2005 748 2031 esse
778 1990 995 2045 judicetur
1026 1995 1070 2031 et
1106 1991 1303 2043 ἀδελφεόο
1336 2004 1412 2044 pro
1446 1991 1660 2041 ἀδελφειοῦ

258 2058 480 2099 scribatur.
543 2057 685 2099 Nihilo
716 2057 975 2113 probabilius
1006 2062 1071 2098 est
1094 2057 1255 2109 μάντιος
1286 2059 1424 2106 ἀλαόο,
1452 2056 1659 2112 producto

259 2127 398 2168 altero
429 2144 450 2166 ο
481 2141 565 2167 non
598 2126 641 2166 in
677 2126 760 2167 arsi
797 2126 954 2180 dactyli
986 2130 1035 2167 ut
1070 2125 1113 2165 in
1145 2125 1388 2176 Ἀσκληπιόο
1423 2126 1490 2165 δύο
1530 2127 1658 2172 παῖδε,

261 2195 335 2236 sed
357 2194 469 2250 quod
499 2194 633 2234 multo
656 2193 801 2234 durius
831 2198 896 2235 est
926 2193 969 2234 in
996 2193 1082 2235 arsi
1113 2192 1300 2249 spondei,
1331 2192 1430 2232 licet
1457 2192 1537 2232 hoc
1559 2205 1660 2245 quo-

262 2276 343 2318 que
382 2276 466 2302 uno
502 2261 721 2315 alteroque
753 2261 943 2315 exemplo
976 2260 1142 2301 defendi
1183 2258 1332 2314 possit,
1370 2258 1482 2299 velut
1521 2258 1568 2298 Il.
1596 2268 1660 2312 15,

264 2342 360 2383 271.

434 2388 471 2426 οἱ
493 2387 525 2426 δ’
547 2385 638 2426 ὥστ’
662 2385 685 2436 ἢ
714 2389 868 2438 ἔλαφον
892 2385 1032 2437 κεραὸν
1052 2384 1075 2436 ἢ
1097 2385 1234 2437 ἄγριον
1257 2384 1359 2437 αἶγα.

263 2488 419 2542 Itaque
446 2486 613 2542 praetuli
644 2486 815 2537 μάντηος
843 2487 982 2534 ἀλαοῦ,
1006 2485 1118 2540 quod
1143 2485 1416 2525 Hermannus
1444 2481 1663 2538 proposuit

263 2554 307 2595 in
340 2555 472 2596 Elem.
511 2556 646 2596 doctr.
679 2559 802 2595 metr.
839 2569 880 2609 p.
913 2564 1025 2608 347„
1063 2553 1414 2608 quemadmodum
1451 2552 1663 2592 Homerus

265 2637 349 2663 non
371 2623 503 2664 solum
523 2624 673 2672 πόλιος,
697 2623 769 2663 sed
792 2621 921 2663 etiam
941 2622 1089 2673 πόληος
1110 2621 1230 2662 dixit.
1271 2620 1463 2661 Tertium
1485 2618 1664 2673 denique

266 2690 367 2731 illud
408 2690 556 2742 ὁμοιΐου
596 2690 788 2741 πολέμοιο
829 2689 908 2730 etsi
949 2704 1036 2730 non
1076 2703 1224 2744 negem
1265 2687 1412 2740 ὁμοιΐοο
1453 2686 1663 2737 πτολέμοιο

266 2758 391 2799 scribi
424 2758 625 2813 potuisse,
663 2764 807 2800 tamen
844 2772 972 2813 quum
1012 2758 1067 2799 ad
1102 2756 1493 2812 pronunciationem
1528 2753 1664 2794 minus

267 2827 532 2867 commodum
554 2826 621 2875 sit,
639 2826 727 2867 fieri
750 2831 892 2881 potest
913 2833 961 2867 ut
981 2830 1107 2880 poeta
1130 2825 1280 2876 ὁμοιΐου
1297 2823 1487 2874 πολέμοιο
1508 2825 1665 2876 praetu-
